2656 4304
566 441 677 486 arnna
698 443 746 488 tn.
1112 429 1152 492 st

212 594 244 653 7.
266 589 302 653 ln
317 587 415 654 sicilia
430 611 546 676 quoque
567 579 613 656 res
634 591 774 678 prosptira
795 609 876 678 gesta
897 610 951 661 cst.
994 595 1153 664 Marcellus

166 713 304 774 magnam
333 693 417 778 hujus
443 693 557 756 instilae‘
585 705 701 776 partem
725 695 814 778 cepit,
840 719 927 779 quam
951 698 1040 762 Poeni
1064 722 1153 764 oecu-

166 793 327 875 pavriram3
353 794 524 878 Syraciisas,
549 793 757 858 nobilissimam
779 797 891 873 urbem,
913 799 1101 881 expugnavit,
1123 812 1152 862 et

165 893 314 976 ingentem
328 893 397 956 inde
419 895 547 978 praedam
568 893 698 958 Romam
712 895 799 958 misit.
844 897 983 960 Laevinus
1000 899 1029 960 in
1049 898 1152 962 Maeo-

165 994 253 1058 donial
266 1017 337 1058 cum
351 995 492 1078 Philippo
506 1008 535 1058 et
550 996 646 1058 multis
661 995 782 1059 Gracia
805 997 921 1080 popailis
942 997 1098 1061 amicitiam
1112 997 1153 1060 fe·

140 1169 145 1176 .
165 1093 225 1171 cit;
246 1109 276 1158 ct
291 1095 321 1157 in
336 1095 465 1158 Siciliam
486 1095 630 1180 profectus
646 1095 834 1175 Hannonem,
850 1097 1013 1162 Poenorum
1035 1099 1151 1176 ducem,

165 1193 246 1278 apud
269 1195 461 1279 Agrigentum
489 1197 585 1282 cepit;
616 1198 803 1282 quadraginta
824 1198 956 1262 civitates
977 1198 1007 1261 in
1029 1187 1152 1263 deditio-

164 1317 233 1357 nem
262 1297 387 1380 accepit,
416 1297 516 1380 viginti
543 1289 597 1361 six
626 1299 816 1383 expugnavit.
868 1299 915 1362 Ita
943 1299 1023 1363 omni
1051 1298 1151 1364 Sicilia

163 1397 291 1480 recepti,
306 1420 375 1460 oum
389 1398 497 1481 ingenti
512 1399 604 1482 gloria
618 1399 748 1462 Romam
762 1421 906 1482 regressus
924 1414 978 1463 est.
1016 1431 1018 1438 ·

207 1499 238 1558 8.
260 1497 387 1561 Intereal
412 1500 443 1562 in
465 1497 662 1582 Hispaniam,‘
684 1499 736 1560 ubi
757 1500 818 1582 duo
837 1499 990 1582 Scipiones
1012 1501 1050 1563 ab
1072 1499 1150 1563 Has,-

166 1595 285 1658 drubile
306 1597 447 1660 interfecti
466 1611 557 1674 erant,
572 1599 675 1660 missus
690 1611 733 1660 est
754 1597 793 1661 P.
806 1598 961 1676 'Cornelius
983 1599 1092 1683 Scipio,
1107 1599 1151 1664 vir

165 1694 369 1761 Romanorum
394 1698 523 1760 omnium
549 1697 608 1760 sera
633 1699 751 1782 primus.
797 1695 866 1776 Hic,
891 1697 984 1784 puer‘
1010 1701 1149 1764 duodevi-

162 1795 400 1878 ginti'annorum,
414 1798 444 1859 in
466 1799 566 1880 pugni
580 1799 618 1860 ad
635 1797 785 1875 Ticinum,
801 1815 913 1882 patrem
935 1799 1070 1882 singulari
1092 1800 1148 1862 vir·

162 1895 233 1958 tirte'
256 1897 391 1960 servavit.
436 1897 553 1960 Deinde
575 1912 640 1982 post
656 1899 772 1962 cladem
787 1896 997 1962 Cannensem!
1017 1899 1147 1963 multos‘

160 1996 401 2061 nobilissimorum
432 1997 577 2084 juvinum
612 1999 727 2062 ltaliam
767 1999 919 2084 deseritel
956 2000 1146 2082 cupientium,

160 2097 329 2160 auctoritate
346 2099 401 2161 sual
421 2099 458 2161 ab
479 2099 537 2162 hoc
558 2100 678 2162 consilio
700 2101 845 2163 detenuit.
891 2099 1004 2182 Viginti
1025 2115 1149 2184 quatuor

160 2203 303 2259 annorum
325 2197 442 2281 juvinis
470 2197 500 2260 in
529 2197 704 2281 Hispaniam
739 2201 852 2276 missuS,
882 2200 938 2276 die,
969 2201 1027 2282 qud
1055 2201 1147 2277 venit,

160 2295 373 2379 Carthaginem
395 2295 513 2359 Novam
528 2297 616 2380 cepit,
630 2297 660 2359 in
683 2299 742 2381 quit
762 2320 849 2360 omna
871 2299 972 2360 auium
994 2313 1147 2381 etargen·

159 2409 221 2458 tum
258 2409 288 2458 et
323 2397 392 2458 belli
429 2403 601 2480 apparatum
638 2397 726 2460 Poeni
762 2397 920 2477 habebant,
955 2397 1146 2462 nobilissimos

159 2517 275 2580 quoque
292 2497 418 2574 obsides,
434 2517 506 2580 quos
528 2497 566 2558 ab
589 2493 728 2580 Hispanis
750 2499 936 2582 conspirant.
982 2497 1046 2562 Hos
1067 2499 1144 2562 obsi·

158 2598 209 2660 des
234 2598 402 2680 parentinus
423 2597 497 2668 sois¹
519 2597 654 2660 reddidit.
698 2596 801 2672 Quare
821 2621 923 2662 ornnes
949 2598 1008 2663 sere
1035 2599 1144 2684 Hispa·

157 2697 212 2760 niae
226 2697 358 2760 civilitas
372 2697 410 2760 ad
424 2719 492 2760 aum
505 2719 565 2760 uno
579 2698 677 2760 animo
691 2699 873 2761 transierunt.

201 2801 232 2861 9.
255 2797 306 2860 Ab
321 2819 356 2860 eo
370 2797 438 2860 inde
456 2798 589 2882 tompore
602 2820 647 2861 res
670 2797 917 2863 Romanorumin
940 2799 1001 2862 dies
1021 2800 1142 2865 latiores

157 2897 240 2961 saeta
259 2879 336 2961 suni.
381 2897 548 2962 Hasdru'bal
571 2921 589 2962 a
612 2899 697 2962 fiatro
722 2901 782 2962 cxl*
801 2898 1003 2984 Hispaniam
1028 2900 1141 2964 ltaliam

156 3005 304 3075 evocatus,
319 2999 398 3082 apud
413 2999 533 3076 Senam,
547 2999 652 3062 Piccni
666 3000 825 3077 civitatem,
841 2999 870 3062 in
893 3000 1008 3063 insidIas
1030 2999 1140 3076 incidit,

155 3113 185 3161 et
199 3099 314 3162 strenuis
332 3121 465 3183 pugnans
486 3103 599 3164 occisus
613 3083 674 3163 'esti
717 3100 856 3163 Pluritnae
878 3115 976 3163 uotam
998 3099 1140 3178 civitates,

156 3221 219 3282 qua
247 3199 277 3262 in
305 3199 427 3263 Bruttiis
455 3201 493 3263 ab
530 3199 697 3264 Hannibaile
725 3201 906 3276 tenebantur,
936 3197 1080 3260 Rominis
1108 3219 1140 3260 so

155 3300 341 3364 tradiderunt.

218 3495 326 3558 ⁰sara
550 3495 709 3556 ¹sartam.
886 3488 997 3556 »tara

219 3573 312 3638 ma-
546 3571 691 3636 mmo
887 3570 1057 3634 *tuam

217 3651 353 3796 233?
366 3653 412 3716 (a.)
546 3650 656 3714 ¹525,
667 3649 699 3698 R.
711 3649 749 3698 12.
883 3650 901 3692 l.
914 3648 927 3712 ξ
940 3648 997 3710 w,
1008 3647 1064 3696 Μ
