2656 4304
179 372 223 436 ae
416 435 424 456 ¹
535 389 644 434 norrun
666 387 813 434 mercar.

179 554 222 604 tot
248 539 339 603 millia
366 538 549 624 captivdnrrn
578 553 695 623 propter
721 561 754 602 ee
780 559 874 600 unum
902 551 937 600 et·
963 559 1085 621 paucos,
1117 541 1178 622 qui

177 661 217 703 ex
247 639 392 704 Romanis
423 639 503 723 capti
535 653 641 717 essent,
673 639 868 702 redderentur.
914 637 988 702 llec
1019 640 1178 702 sententia

178 741 311 804 obtinuit.
355 740 517 824 Regraesue
541 741 628 823 igitur
652 740 680 802 in
709 740 841 804 Aliicam
865 739 1066 802 crudelissimis
1096 761 1179 823 sup-

178 841 271 926 pliciis
292 843 451 906 erstinetue
472 853 526 904 est.

354 947 404 1007 13.
425 942 574 1018 Tandem,
603 939 643 1003 C.
665 939 785 1003 Lutatio
808 939 856 1002 Ca
898 961 927 1014 o,
950 937 990 1000 A.
1039 939 1175 1002 ostumio

179 1012 258 1140 Agl}
307 1044 485 1119 consulibus,
500 1061 578 1106 anno
598 1041 668 1104 belli
690 1041 796 1104 Punici
819 937 958 1104 vidiae
978 1035 1041 1102 t“'
1082 1063 1115 1102 m
1156 1075 1174 1088 -

308 1165 389 1206 num·
405 1143 540 1226 proelium
561 1142 667 1206 navale
687 1141 874 1205 commissum
895 1154 939 1203 aet
958 1153 1060 1202 contra
1112 1141 1119 1153 '
1156 1175 1174 1190 -

178 1244 285 1320 braum,
298 1242 523 1328 promontorium
535 1241 650 1306 Siciliae.
694 1241 729 1304 ln
744 1263 780 1304 eo
794 1241 898 1326 proelio
911 1211 1093 1326 septuaglnla
1102 1163 1171 1348 die

179 1341 462 1426 Carthaginiensium
489 1364 580 1407 naves
615 1356 720 1426 capte,
747 1332 866 1406 odnmm
902 1336 1002 1425 vl'g'inti
1036 1316 1170 1442 quidque

179 1444 326 1522 demerso,
362 1443 477 1527 triginta
513 1445 572 1508 duo
606 1443 696 1508 millia
730 1442 854 1506 huetium
890 1457 988 1528 capta,
1022 1441 1166 1506 tredecim

180 1545 269 1609 millia
296 1549 394 1609 occim
421 1559 498 1608 sunt.
542 1545 647 1608 Statim
676 1542 928 1626 Carthaginienses
957 1561 1060 1624 pacem
1089 1542 1168 1626 peti-

180 1651 274 1722 cnmt,
295 1646 395 1728 eisque
416 1667 476 1728 pax
498 1645 603 1708 tribr'rta
624 1658 678 1708 est.
721 1643 842 1727 Captivi
864 1641 1091 1720 Romanorum,⁵
1115 1643 1167 1727 qui

179 1745 352 1808 tenebantur
393 1765 412 1806 a
455 1743 743 1826 Carthaginiensibus
786 1743 891 1806 redditi
933 1757 1009 1806 sunt.
1075 1743 1164 1806 Poeni

179 1841 301 1920 Sicilia,⁵
331 1841 474 1920 Sardinia,
503 1857 534 1908 ct
568 1843 671 1906 cetriris
699 1842 808 1920 instilis,
844 1863 909 1926 que
944 1843 1018 1906 inter
1049 1843 1164 1906 ltaliam

180 1943 369 2030 Africamque
400 1943 512 2030 jacent,
541 1944 736 2022 deceeeenmt,
765 1953 943 2029 omnemque
980 1943 1162 2029 Hispaniam,

180 2065 244 2130 que
257 2045 330 2109 citra
344 2044 463 2110 Inurum
476 2059 530 2125 eet,
544 2043 688 2110 Romanis
703 2046 904 2131 pernrieerunt.
934 2038 959 2116 a.

556 2303 785 2319 —ffl

526 2475 634 2525 LIBER
654 2475 818 2525 TERTIUS.

301 2632 304 2640 ’
354 2627 382 2688 l.
403 2624 502 2688 Anno
528 2623 763 2708 quingentesimo
784 2625 1008 2690 undeuicesimo
1032 2625 1160 2708 ingenue

156 2693 257 2824 mg}
306 2723 461 2792 caream
479 2725 572 2810 copie
601 2724 696 2809 Alpes
717 2726 898 2790 eamean.
943 2726 1003 2790 sea
1025 2747 1078 2809 pro
1098 2724 1160 2788 ne

307 2827 401 2890 minis
441 2840 500 2890 tota
543 2826 628 2890 ltalia
669 2827 834 2890 consensit:
878 2827 1072 2910 traditumque
1107 2839 1157 2902 est,

177 2927 344 3010 octingenta
371 2927 461 3000 millia
484 2926 651 2990 homiuum⁶
680 2929 719 2992 ad
741 2928 771 2990 id
793 2927 902 2990 bellurn
927 2933 1028 3010 parata
1053 2925 1155 2988 suisse‘
1182 2951 1189 2957 ·

179 3027 243 3092 Re
277 3027 413 3112 prospire
450 3040 532 3110 gesta
567 3041 611 3090 est
653 3029 732 3112 apud
776 3027 928 3090 Clusium:
975 3025 1155 3109 quadraginta

178 3129 267 3194 millia
301 3128 453 3194 hominum
489 3126 640 3192 interfecta
675 3141 751 3190 sunt.
795 3129 919 3212 Aliquot
955 3127 1052 3189 annisl
1097 3125 1155 3208 prist

179 3231 409 3312 pugnatumcet‘
432 3243 533 3300 contra
555 3227 657 3290 Gallos
671 3228 701 3288 in
723 3247 792 3309 agro
814 3228 978 3303 lnsirbrum,
993 3227 1154 3307 finitumque

177 3343 222 3390 oet
249 3330 359 3394 bellum
388 3329 434 3392 M.
457 3328 585 3394 Claudio
605 3326 758 3404 Marcello,
780 3327 840 3391 Cn.
863 3327 1002 3392 Cornelio
1024 3326 1153 3408 Scipione

176 3427 354 3489 consulibus.
409 3429 491 3490 Tum
519 3425 678 3489 Marcellus
707 3449 804 3512 regern
828 3429 991 3503 Gallorum,
1016 3427 1152 3490 Viridorn·
1183 3441 1188 3450 ·

256 3621 363 3684 ‘rara
555 3621 662 3684 ‘raca
851 3617 1096 3682 ‘amanam

256 3697 363 3762 »tara
553 3699 661 3760 tame.

1278 2971 1295 3509 l
