2640 4310
366 443 552 490 remuneres
571 443 611 488 or
631 443 773 488 nuruum
792 447 943 491 pensons.
1101 427 1144 490 73
1206 394 1216 435 ἦ

155 591 213 656 eris
232 589 310 654 idem
333 591 457 658 donatus
482 607 527 658 est
555 591 708 678 quinquies
736 593 892 678 violesque.
935 593 1143 679 Tuumphnvit

154 713 225 756 eum
240 692 458 778 imperatoribus
472 695 531 758 suis
545 693 722 777 triumphos*
737 715 854 757 novem.

199 797 251 856 74.
276 793 475 858 Haunihrilem
500 795 530 858 in
556 793 672 856 ltaliam
701 793 929 878 pmficiscentem
958 794 1011 858 tria
1038 794 1140 858 millin⁵

155 892 390 979 Carpetannrum
412 894 599 979 reliquerunt.
644 893 781 968 Quorum
803 896 972 978 exemplum
993 917 1032 958 ne
1052 896 1142 958 ceteri

155 1015 273 1080 quoque
294 995 408 1058 barbiti
429 1009 625 1080 sequerentur,
640 995 731 1058 edixit
753 1017 803 1060 eos
824 1019 843 1059 a
864 1017 897 1059 se
918 1017 982 1059 esse
1002 995 1143 1074 dimissos,

154 1109 186 1157 et
199 1095 316 1180 insuper
329 1097 360 1160 in
376 1096 466 1160 fidem
487 1096 548 1182 ejus
569 1097 610 1162 rei
631 1096 701 1162 alios
722 1095 821 1176 etiam,
837 1119 961 1182 quorum
981 1097 1053 1160 fides
1073 1095 1141 1184 ipsi'

155 1209 293 1280 suspecta
307 1210 377 1274 erat,
392 1197 512 1260 domum
526 1199 643 1261 remisit.

199 1299 251 1358 75.
275 1295 423 1360 Hannibal
447 1319 538 1382 quum
559 1299 730 1384 elephantos
750 1299 929 1384 compellere
949 1323 1009 1364 uon
1031 1313 1140 1385 posset,

153 1409 187 1458 ut
208 1397 356 1480 praeultum
370 1397 478 1461 flumen
499 1403 661 1478 transirent,
675 1422 773 1484 neque
792 1415 868 1466 rates
888 1402 1020 1478 haberet,
1035 1401 1140 1485 quibus

153 1517 203 1558 eos
224 1497 391 1582 trajiceret,⁶
410 1499 496 1584 jussit
516 1499 727 1563 ferocissimum
749 1499 971 1584 elephantinum
992 1503 1047 1564 sub
1070 1523 1140 1564 aure

155 1597 306 1676 vulnerari,
320 1612 351 1661 et
371 1621 450 1677 eum,
471 1601 521 1683 qui
542 1600 744 1678 vtrlnerirsset,'
760 1623 793 1664 se
814 1602 844 1664 in
865 1602 973 1665 flumen
995 1590 1153 1688 conjicitre¹

154 1694 284 1781 illudque
312 1705 434 1762 mire.
477 1699 560 1763 Tum
582 1700 754 1784 elephantus
776 1710 963 1786 exaspmitus
984 1705 1022 1766 ad
1042 1725 1140 1788 perse-

152 1797 301 1879 quendum
323 1799 427 1864 doletis
445 1800 489 1862 sui
511 1808 661 1865 enutrirem
683 1803 807 1866 munivit
828 1804 971 1881 amnem,l
991 1818 1021 1868 et
1035 1804 1137 1890 reliqui

152 1917 267 1982 quoque
280 1919 349 1962 eum
362 1899 454 1964 secuti
468 1914 546 1963 sunt.

212 2086 377 2230 :utu
592 2091 734 2234 :m
912 2093 1055 2234 tu

364 2248 385 2308 '1
