2656 4304
471 453 606 498 ulmeus
629 453 668 496 or
690 395 873 508 murnum.
1101 437 1161 502 113

180 599 263 678 duas,
287 597 405 694 Perseo,
429 601 532 666 ultimo
559 599 744 665 Macedoniae
768 622 846 688 rege,
872 609 1015 686 superium,
1040 601 1161 668 Paullus

179 699 316 764 AEmilius
330 701 453 785 diripuit.

232 803 283 862 26.
316 800 433 884 Epirus,
464 823 527 884 quae
560 801 599 862 ab
628 799 849 862 Acrocerauniis
877 799 979 883 incipit
1005 803 1160 882 montibus,

180 899 284 963 desinit
308 901 338 964 in
358 902 494 964 Acheloo
515 899 667 988 flumine
689 898 793 961 Plures
815 921 881 961 eam
902 883 1002 983 popffli
1022 901 1160 964 incolunt.

179 999 299 1064 Illustris
327 1001 367 1064 ibi
395 1001 524 1064 Dodone
551 999 581 1062 in
604 998 806 1084 Molossorum·
827 999 944 1087 tinibus,
970 999 1163 1064 vetustissimo

179 1097 262 1162 Jovis
283 1100 401 1162 orecisso
419 1099 538 1184 inclyta.
582 1097 734 1162 Columbae
755 1097 794 1160 ibi
816 1119 856 1160 ex
876 1097 1026 1160 arboribus
1046 1099 1163 1163 oracula

180 1197 294 1261 dedisse
329 1212 493 1276 narrantum
530 1193 708 1282 quercusque
742 1197 819 1280 ipsas
854 1211 884 1260 et
919 1195 1032 1260 lebotes
1066 1219 1161 1261 aeneos

177 1297 247 1360 inde
279 1320 431 1382 suspensos
464 1299 583 1362 deorum
615 1297 794 1360 voluntotem
829 1297 934 1359 tinnitu
970 1295 1160 1379 significisse‘

177 1397 256 1460 same
270 1411 323 1461 est.

222 1501 274 1559 27.
300 1497 424 1560 Acheloi
450 1496 529 1559 fluvii
556 1497 634 1558 ostiis
658 1495 757 1557 insule
786 1494 896 1578 aliquot
919 1494 1064 1580 objicent,
1090 1515 1161 1579 qua·

182 1613 245 1656 rum
274 1596 402 1658 maxima
430 1609 473 1658 est
505 1593 709 1678 Cephallenia.
760 1592 864 1656 Multae
896 1608 1032 1676 preterea
1063 1594 1161 1658 insule
1218 1657 1230 1676 x,

179 1693 371 1776 littoriEpiri
393 1695 537 1779 adjicent,
559 1693 690 1776 interque
710 1715 759 1755 eus
781 1691 923 1769 Corcirn,
939 1714 1026 1775 quarn
1049 1691 1160 1756 Homo-

177 1813 224 1854 rus
253 1793 402 1854 Scheriam
433 1793 596 1875 appellosse
627 1791 814 1854 existimomr.
869 1791 904 1854 In
932 1791 990 1854 hoc
1018 1791 1159 1854 Phaeocas

177 1891 271 1974 posuit
294 1891 343 1952 ille
365 1904 395 1954 et
419 1891 516 1953 hortos
540 1891 668 1954 Alcinoi.
713 1889 868 1953 Coloniam
892 1891 951 1953 huc
976 1891 1160 1954 deduxorunt

175 1988 327 2067 Corinthii,
351 1989 426 2074 quo⁶
450 1990 581 2074 tempore
606 1989 708 2052 Numa
728 1989 889 2072 Pompilius
910 1989 1016 2051 Rome
1057 1995 1160 2076 regno·

178 2089 228 2151 vit.
272 2087 380 2152 VicIna
409 2089 437 2151 ei
462 2088 579 2174 ¹hirone,
601 2089 718 2172 Ulyssis
746 2089 846 2172 patria,
873 2087 976 2169 aspere
1003 2088 1159 2164 montibus,

178 2188 230 2250 sed
248 2187 371 2249 Homeri
390 2188 565 2266 carminibus
579 2188 654 2249 adeo
672 2188 833 2263 nobilitota‚
848 2185 902 2246 ut‘²
923 2207 963 2246 ne
983 2183 1159 2248 fertilissimis

179 2287 295 2372 quidem
309 2286 473 2369 regiomhus
487 2287 582 2348 cedat.

222 2389 274 2450 28.
296 2386 451 2448 Thessalia
473 2386 531 2448 lete
554 2397 635 2468 petet
656 2383 730 2446 inter
750 2381 956 2445 Macedoniam
977 2395 1006 2445 et
1027 2381 1159 2466 Epirum,

178 2485 315 2550 soecunda
339 2486 427 2568 regio,
453 2484 598 2568 generosis
621 2483 764 2566 praecipue
787 2482 879 2565 equis‘
902 2483 1057 2559 excellens,
1081 2483 1160 2545 unde

177 2586 386 2649 Thessalorum
408 2585 550 2668 equitotus
578 2581 792 2646 celeberrimus.
836 2581 954 2645 Montes
982 2581 1021 2644 ibi
1049 2603 1159 2644 memo·

177 2687 282 2750 rabiles
307 2685 465 2769 Olympus,
490 2685 520 2746 in
546 2705 603 2766 quo
628 2683 747 2746 deorum
772 2681 856 2744 sedes
881 2703 943 2744 esse
972 2681 1158 2756 existimetur,

178 2786 282 2850 Pelion
295 2799 326 2848 et
340 2785 427 2862 Ossa,
443 2805 495 2868 per
516 2783 610 2868 quoss
630 2782 759 2865 gigantes
774 2781 882 2844 ooelum
904 2779 1038 2863 petivisse
1059 2779 1159 2840 dicun·

177 2900 240 2965 tur;
270 2885 344 2949 OEta
369 2884 505 2968 denique,
527 2884 556 2946 in
581 2883 665 2967 cujus
690 2883 799 2946 vertice
823 2879 974 2956 Hercules,
995 2899 1065 2960 rugo
1088 2899 1159 2940 oon·

177 3009 289 3066 scenso,
304 3007 336 3050 se
356 2984 468 3070 ipsum‘
491 2983 641 3047 cremovit.
685 2982 764 3046 Inter
792 2979 918 3043 Ossam*
941 2992 971 3041 et
994 2973 1158 3060 Olympum

179 3087 305 3164 Peneius,
325 3085 540 3169 limpidissimus
565 3083 667 3159 monis,
693 3081 844 3158 delabitur,
868 3080 974 3143 vallem
998 3074 1158 3139 amoeuissi·

176 3209 265 3265 mam,
279 3187 397 3270 Tempe
412 3191 556 3260 vocitem,
569 3179 697 3264 irrigans.

228 3291 281 3353 29.
313 3287 393 3351 Inter
420 3285 545 3368 reliquas
573 3282 692 3346 Graeciae
719 3279 850 3363 regiones
877 3272 1001 3338 nominis
1028 3272 1157 3336 claritote

179 3389 288 3452 eminet
316 3387 427 3464 Attica,
453 3405 517 3468 quae
539 3381 626 3444 etiam
650 3382 748 3445 Atthis
776 3385 904 3442 vocotus·
948 3371 993 3434 lbi
1021 3371 1157 3450 Athone,

241 3645 406 3708 *tm-t
551 3640 658 3704 ‘tuso
893 3623 1070 3692 *tuusne

241 3721 382 3786 ‘tuens
548 3711 753 3780 sternut-

395 3801 460 3862 10*
