2640 4310
209 395 252 460 80
563 414 670 462 nouas
692 416 838 462 ursronr.

206 562 274 628 suis.
318 561 365 626 Ita
385 561 506 628 Rome·
531 563 697 647 regnabim‘
723 577 768 628 est
788 585 841 649 per
861 577 975 650 septem
995 587 1079 650 reges
1106 587 1222 632 annos

206 663 346 726 ducentos
361 665 550 747 quadraginta
564 679 632 728 tres.

198 751 300 848 ΧῖΒ.
324 763 403 828 Hine
417 765 552 828 consides
566 772 687 850 ooepere
709 787 762 851 pro
783 787 842 830 uno
863 789 931 850 rege
952 767 1012 830 duo
1031 767 1145 844 creari,
1164 781 1213 844 ut,

203 864 228 928 si
253 887 328 928 unus
356 866 450 929 melus
474 867 574 944 essetf
603 867 675 930 alter
697 888 765 930 eum
790 870 948 932 corima'rret.
992 868 1147 930 Annuum
1173 867 1212 930 iis

204 966 355 1050 imperium
390 967 528 1030 tributum
564 981 618 1043 est,
647 989 686 1030 ne
715 989 767 1051 per
795 967 1009 1030 diuturnitatem
1041 967 1209 1050 potestatis

203 1066 400 1132 insolentiores
435 1068 631 1130 redderentur.
683 1066 711 1130 F
712 1073 817 1130 uerum
852 1067 939 1152 igitur
973 1088 1051 1130 anno
1089 1067 1205 1150 primo,

203 1167 331 1250 expulsis
359 1166 501 1250 regibus‘
530 1167 664 1232 consules
692 1166 731 1230 L.
757 1167 862 1230 Junius
890 1167 1009 1244 Brutus,
1033 1168 1204 1230 acerrimus

203 1267 339 1332 libemus
360 1267 479 1345 vindex,
501 1282 531 1331 et
552 1267 729 1353 Tarquinius
750 1267 925 1345 Collatinus,
940 1271 1057 1331 maritus
1080 1265 1202 1332 Incre-

203 1368 258 1430 tiae.
313 1369 374 1432 Sed
409 1368 569 1432 Collatino‘
607 1369 696 1453 paulb
732 1369 799 1452 pdst
834 1369 958 1452 dignitas
993 1367 1108 1430 sublsta
1139 1381 1198 1430 est.

126 1528 131 1536 .
202 1467 359 1534 PlacuErat
387 1469 475 1548 enim,
499 1491 538 1532 ne
560 1469 623 1554 quis
645 1491 684 1532 ex
705 1468 931 1554 Tarquiniorum
952 1467 1060 1530 seruili&
1083 1466 1196 1530 Romae

202 1571 358 1634 mentiret!
400 1570 481 1654 Ergo
494 1594 564 1636 oum
578 1571 658 1634 omni
680 1570 851 1653 patrimonio
865 1591 918 1632 suo
932 1589 971 1630 ex
992 1569 1063 1630 urbe
1084 1567 1195 1656 ungri·

203 1671 252 1746 vit,
268 1685 297 1734 et
311 1671 340 1733 in
356 1673 417 1755 ejus
432 1673 529 1734 locum
546 1671 680 1734 Valerius
695 1670 850 1734 Publicbla
864 1669 965 1734 consul
980 1668 1073 1732 sactus
1088 1671 1169 1830 Ἥ

244 1773 296 1831 24.
328 1769 499 1833 Commbvit
523 1771 633 1832 bellum
654 1770 717 1832 urbi
737 1792 789 1832 rex
809 1770 994 1854 Tarquinius.
1038 1767 1073 1830 ln
1096 1767 1140 1852 pri
1171 1768 1191 1830 i

201 1869 301 1951 pugni
321 1868 430 1932 Brutus
452 1869 564 1946 oonsnI,
583 1883 613 1932 et
634 1871 744 1946 Aruns,
759 1869 912 1954 Tarquinii
932 1870 1015 1946 filius,
1029 1891 1093 1932 sese
1113 1868 1190 1932 invi-

200 1989 266 2032 oem
290 1969 469 2034 occiderunt.
514 1969 644 2034 Romani
672 1983 771 2032 tamen
800 1993 840 2034 ex
869 1971 906 2034 ei
935 1971 1034 2054 pugni
1062 1970 1185 2034 victores

201 2077 389 2133 recesserunt.
432 2071 559 2134 Brutum
573 2070 717 2135 Romfinae
737 2079 875 2142 matrbnae
898 2072 979 2156 quasi
1001 2077 1185 2134 oommr'mem

201 2185 313 2254 patrem
349 2195 401 2256 per
436 2195 546 2236 annum
580 2172 727 2236 luxerunt.
772 2172 907 2236 Valerius
942 2171 1096 2236 Publicola
1130 2171 1182 2254 sp.

200 2270 379 2351 Lucretium,
408 2271 552 2338 Lucretiae
588 2289 710 2359 patrem,
746 2273 891 2357 collegam
926 2258 980 2336 sibi
1015 2272 1099 2349 fecit3
1135 2270 1181 2356 qui

200 2394 290 2456 quum
304 2376 405 2438 morbo
419 2375 578 2440 exstinctus
593 2389 679 2454 esset,
695 2373 849 2438 Horatium
871 2373 1030 2436 Pulvillum
1050 2372 1103 2435 sibi
1123 2371 1180 2436 col·

199 2471 296 2553 lr'rgam
310 2475 442 2556 sumpsit.
486 2475 533 2538 Ita
555 2477 662 2560 primus
678 2497 770 2537 annus
786 2474 913 2557 quinque
927 2473 1060 2538 consules
1073 2472 1177 2535 habuit.

370 2576 422 2634 25.
456 2573 593 2636 Secundo
625 2595 741 2656 quoque
769 2595 847 2635 armo
875 2573 980 2636 iterum
1009 2573 1177 2656 Tarquinius

199 2642 282 2770 ’ξιξ
327 2673 436 2736 bellum
451 2673 595 2738 Romanis
610 2672 714 2750 intulit,
729 2672 887 2751 Porsina,
901 2695 971 2756 roge
985 2673 1175 2750 Etruscorum,

329 2775 516 2838 auxilium
491 2798 518 2838 er
540 2775 660 2838 serente.
703 2775 740 2840 In
754 2775 804 2838 illo
825 2774 903 2839 bello
918 2773 1056 2837 Horatius
1076 2771 1175 2836 Cocles

198 2874 276 2937 solus
305 2889 424 2958 pontem
445 2875 574 2958 ligneum
595 2875 734 2954 defendit,
756 2889 786 2940 et
809 2877 907 2940 hostes
928 2873 1067 2951 cohibuit,
1088 2873 1172 2936 donee

198 2995 272 3058 pons
287 2995 305 3036 a
318 2988 400 3057 tergo
413 2989 514 3058 ruptus
529 2976 631 3038 esset!
675 2977 758 3042 Tum
779 2999 811 3040 se
824 2999 894 3041 oum
908 2975 993 3040 annis
1007 2974 1037 3037 in
1052 2972 1171 3036 Tiberim

197 3073 333 3160 conjecit,
348 3090 379 3139 et
392 3075 431 3138 ad
444 3097 511 3138 suos
525 3077 694 3140 transnavit.

241 3179 293 3241 26.
316 3176 399 3240 Dum
420 3176 552 3241 Porsina
572 3179 674 3242 urbem
695 3177 857 3255 obsidebat,
880 3177 943 3252 Qu.
965 3175 1083 3240 Mucius
1102 3174 1170 3238 Sce-

91 3267 93 3272 ’
198 3277 302 3355 vola,
290 3279 407 3362 juvenis
428 3277 506 3342 fortis
527 3278 642 3358 animi,
665 3278 695 3340 in
715 3277 819 3342 castra¹
841 3278 931 3341 hostis
952 3300 985 3342 se
1005 3275 1119 3340 oontilit
1137 3295 1169 3338 eo

1113 3429 1163 3452 η

260 3538 273 3562 ·
312 3537 401 3600 serr.
634 3537 740 3603 asan.
797 3513 799 3517 ’
963 3535 1106 3600 esseae

260 3537 299 3678 vi
312 3615 504 3682 suanam)
632 3617 818 3682 masana
962 3611 1132 3678 »sernas

260 3693 404 3758 muso«
629 3694 738 3759 risos.
964 3685 1122 3755 msam
