2640 4310
202 421 246 488 88
593 443 796 488 manneus.

201 589 255 656 ob'
269 611 390 656 osumm
412 589 616 677 Hippomriues
638 597 766 656 mutatus
787 605 832 656 est
851 590 881 656 in
902 591 1029 670 letinem,
1042 591 1218 656 Atalanta

202 690 377 758 inleencm.

245 791 298 856 22.
321 792 420 870 Nisus,
434 815 487 856 rex
507 791 735 877 Megarensium,
750 793 893 877 incapite
912 793 1022 856 crinem
1044 813 1211 878 purpure-

201 915 252 958 um
274 893 408 958 habuisse
430 894 545 972 dicitur,
567 898 653 984 eique
675 892 856 978 predictum⁵
878 893 942 971 suit,
963 894 1097 958 tamdiu
1123 917 1206 958 eum

201 995 409 1077 regnaturum:
434 997 523 1080 quim
548 994 597 1056 diu
622 1015 691 1056 eum
718 993 827 1058 crinem
852 993 1049 1058 custodisset‘
1096 993 1201 1058 Hunc

201 1092 311 1172 Minos,
332 1116 385 1158 rex
409 1093 606 1170 Cretensium,
627 1093 717 1156 bello'
739 1115 891 1177 aggressis
912 1107 966 1158 est.
1009 1093 1072 1168 Qui
1097 1115 1198 1178 quum

201 1193 303 1256 urbem
323 1192 478 1276 Megimm
499 1199 694 1278 oppugniret,
709 1193 820 1278 Scylla,
835 1193 900 1258 Nisi
920 1194 988 1272 filio,
1002 1201 1105 1260 amore
1127 1194 1197 1280 ejus

201 1305 335 1377 correpto
348 1307 402 1371 est,
416 1306 457 1371 et,
470 1306 504 1356 ut
522 1292 549 1356 ci
571 1292 721 1358 victoriam
744 1295 892 1377 partinet!
912 1294 1009 1378 patri¹
1032 1295 1194 1360 dormienti

202 1393 320 1458 sutilem
344 1392 455 1458 crinem
479 1392 617 1478 precidit.
661 1393 707 1456 lta
737 1392 826 1458 Nisus
854 1416 873 1458 a
899 1393 1004 1459 Minori
1032 1395 1131 1458 victus
1161 1410 1193 1458 ct

201 1496 315 1560 occisus
343 1507 397 1558 est.
456 1493 560 1570 Quum
588 1507 689 1560 cutem
716 1493 816 1558 Minos
848 1494 879 1558 in
905 1493 1026 1558 Cretam
1054 1495 1190 1572 rediret,l

202 1593 397 1680 Scyllaeum
421 1594 543 1679 mgivit,
569 1608 602 1658 ut
626 1617 692 1658 eam
716 1617 817 1659 secum
842 1594 1005 1658 aveheret!
1047 1594 1109 1658 Scd
1139 1596 1190 1658 ille

202 1696 320 1778 negivit
343 1695 466 1760 Cretam
490 1709 606 1760 tantum
630 1695 753 1760 scelus*
781 1716 845 1758 ome
868 1699 1059 1778 recepturam.
1104 1695 1186 1760 Tum

202 1793 252 1858 ille
273 1815 305 1858 sc
328 1793 358 1856 in
379 1816 460 1858 mere
481 1794 653 1879 precipitat,
674 1817 841 1878 navemque
862 1796 1052 1880 persequitur.
1097 1794 1185 1860 Nisus

202 1893 231 1957 in
246 1893 374 1980 aquilam
389 1897 530 1958 marinam
546 1916 702 1958 conversus
724 1908 778 1972 est,
793 1895 894 1978 Scylla
908 1895 938 1958 in
960 1896 1082 1980 piscem,
1097 1918 1182 1980 quem

202 1993 296 2060 Cirim
310 1995 438 2060 vocant.¹
483 1993 650 2080 Hodieque,
664 1994 807 2078 siquando
820 1995 869 2059 illo
891 1995 952 2059 av'n
973 1996 1053 2060 huno
1075 1996 1181 2080 piscem

202 2096 409 2179 conspexirit,‘
439 2095 527 2160 mittit
562 2117 595 2161 su
621 2081 653 2160 io
691 2117 807 2181 equam,
835 2110 1010 2182 raptumque
1039 2097 1179 2181 unguibus

31 2205 32 2220 ¹
108 2237 112 2244 -
202 2193 331 2260 dimne
757 2257 763 2268 .

245 2297 299 2362 23.
321 2296 483 2382 Amphion,
511 2297 595 2364 Jovis
626 2311 657 2361 ct
693 2298 837 2384 Antiopes
872 2298 957 2377 filius,
986 2299 1035 2382 qui
1062 2297 1177 2360 Thebas

201 2395 291 2460 muris
325 2396 428 2476 cinxit,
457 2397 585 2477 Nioben,
614 2398 735 2462 Tantili
770 2399 868 2477 filiam,
904 2400 934 2462 in
970 2396 1176 2462 matrimonium

202 2493 296 2558 duxit.
340 2495 392 2558 Fa
413 2498 473 2579 qut
493 2497 655 2580 proomdvit
675 2498 746 2560 filios
767 2512 881 2579 septem
903 2498 1082 2583 totidemque
1101 2497 1174 2560 filias.

202 2593 304 2668 Quem
332 2607 448 2678 partum
476 2594 575 2659 Niobe
602 2595 725 2660 letone
754 2594 849 2657 liberis
881 2597 1055 2679 anteposuit,
1082 2619 1174 2681 super·

201 2692 343 2779 bitisque*
373 2694 480 2758 loct'rto-
500 2709 545 2760 est
573 2695 602 2760 in
632 2694 804 2778 Apollinem
833 2709 863 2758 et
894 2695 1033 2760 Diinam.
1075 2697 1121 2760 Ob
1146 2697 1172 2760 id

201 2795 312 2880 Apollo
328 2795 401 2860 filios
422 2795 484 2881 ejus
506 2810 647 2860 venantes
668 2793 779 2877 sagittis
800 2795 953 2874 interiecit,
968 2797 1067 2860 Diina
1085 2813 1170 2860 nutem

198 2894 293 2957 filias.l
336 2894 435 2959 Niobe
448 2895 565 2958 liberis*
587 2896 689 2958 orbita
703 2895 732 2957 in
747 2917 851 2960 saxum
866 2905 979 2962 mutita
993 2920 1056 2962 esse
1070 2898 1169 2975 dicitur,

201 2993 322 3079 ejusque
351 2994 489 3078 lacrymae
510 2993 657 3078 hodieque
683 3001 804 3058 mandre
831 3013 990 3060 nannntur.
1033 2998 1168 3082 Amphion

200 3108 309 3173 eutem,
339 3115 430 3179 quum
465 3095 610 3179 templum
638 3096 787 3180 Apollinis
822 3105 991 3182 expugnare
1020 3099 1111 3175 vellet,
1135 3099 1167 3160 ab

170 3221 177 3236 ·
200 3197 341 3282 Apolline
354 3195 464 3281 sagittis
478 3210 523 3260 est
537 3196 714 3260 interfectus.

414 3413 428 3439 “
444 3412 499 3462 The
510 3411 587 3462 crime
599 3411 637 3460 sor
647 3411 690 3459 the
701 3411 824 3460 criminul.
859 3413 871 3476 ξ
886 3413 941 3475 324,
951 3413 975 3461 2.

232 3506 246 3530 ·
260 3503 272 3568 ξ
286 3505 392 3566 279,10.
548 3504 564 3546 Ι
576 3505 588 3568 ξ
603 3505 659 3568 258,
669 3505 694 3568 2,
705 3505 754 3554 ond
767 3505 813 3570 (2.)
930 3505 942 3546 1
958 3505 971 3568 ξ
985 3505 1041 3554 260.

232 3581 420 3646 tumulus.
546 3582 657 3646 '5224
931 3581 1107 3644 *tuscha

232 3662 243 3687 ‘
257 3661 270 3724 ξ
283 3660 339 3722 270,
350 3659 382 3708 R.
394 3660 418 3708 3.
545 3659 558 3696 ²
575 3659 587 3723 i
602 3661 657 3724 145,
668 3661 702 3710 11.
715 3662 739 3709 4.
930 3658 939 3692 ⁸
957 3659 969 3721 ξ
984 3660 1040 3722 229,
1053 3659 1082 3708 R.
1093 3661 1139 3724 3‚1.

231 3737 373 3875 ξὲξῖξά·
545 3737 655 3802 ‘im
925 3735 1027 3799 '5251
1282 3735 1283 3799 l
