2656 4304
582 379 678 422 ursus
698 380 740 422 vs.
942 413 946 421 .
1097 359 1157 422 10³

219 530 269 608 11,
300 524 404 599 Quum
429 525 467 590 ad
491 526 704 590 Alexandriam
725 525 851 591 venisset
871 525 979 603 Cesar,
1001 525 1159 591 Ptoleme-

173 647 209 690 us
223 626 250 688 ei
264 627 379 690 insidias
396 633 497 711 parire
518 627 620 704 voluit,
635 627 696 710 qui
716 627 755 688 de
775 627 865 690 causi
885 626 945 708 regi
964 627 1074 690 bellum
1095 627 1159 692 ills·

175 741 235 788 tum
252 741 304 790 est.
348 726 419 790 Rex
436 727 531 790 rioms
551 727 582 790 in
604 726 675 793 Nilo
696 726 789 810 periit,
803 726 1010 810 inventumque
1031 742 1076 790 est
1095 749 1159 792 eor·

174 847 230 909 pus
252 827 315 912 ejus
337 850 408 892 oum
435 827 527 890 lorioi
555 827 652 890 aurei.
696 825 806 904 Caesar,
834 827 1016 910 Alexandrii
1043 832 1160 911 potitus,

174 947 296 1010 regnum
321 924 489 1011 Cleopduae
515 927 602 989 dedit.
647 925 729 989 Tum
749 926 818 990 inde
839 926 986 1010 pmseotus
1006 926 1162 1009 Pompeia·

174 1035 278 1090 narum
309 1029 434 1112 partium
463 1027 594 1111 reliquias
622 1040 667 1090 est
695 1033 873 1110 persecutus,
902 1027 1043 1110 bellisque
1071 1025 1164 1090 oivili·

175 1128 232 1190 bus
261 1141 323 1190 toto
347 1135 485 1192 terrimm
513 1128 582 1192 orbe
606 1127 784 1211 compositis,
808 1127 939 1191 Romam
964 1128 1057 1190 rediit.
1102 1125 1163 1190 Ubi

178 1249 270 1312 quum
291 1228 456 1292 insolentiis
478 1228 564 1312 egeae
584 1227 731 1312 ooepisset,
751 1227 949 1313 conjuremm‘
974 1240 1019 1290 est
1042 1227 1073 1290 in
1095 1248 1164 1290 eum

177 1349 196 1390 a
220 1328 370 1411 sexaginta
395 1329 441 1394 vel
463 1329 587 1412 amplius
611 1328 801 1404 senatoribus,
825 1327 1027 1411 equitibusque
1049 1325 1166 1390 Romi·

178 1428 232 1492 nis.
275 1428 419 1513 Praeoipui
454 1429 572 1502 fuirum
605 1429 680 1492 inter
715 1428 878 1512 conjuretos
913 1426 999 1490 Bruti
1035 1427 1094 1490 duo
1125 1447 1165 1490 ex

181 1527 287 1609 genere
314 1529 390 1590 illlus
414 1528 509 1604 Bruti,
535 1529 597 1611 qui,
622 1527 738 1610 regibus
762 1527 900 1611 expulsis,
926 1528 1034 1610 primus
1060 1525 1165 1591 Romu

180 1627 283 1690 oonsul
305 1627 408 1704 luerat,
429 1627 468 1690 C.
484 1627 604 1692 Cassius
626 1641 656 1690 et
677 1626 814 1690 Servilius
828 1625 936 1692 Casca.
981 1625 1038 1690 Er·

179 1747 218 1808 go
239 1725 348 1803 Caesar,
371 1749 461 1810 quum
481 1726 512 1788 in
536 1727 645 1789 cutiam
667 1726 801 1805 venisset,
824 1726 923 1810 viginti
944 1727 1033 1790 tribus
1086 1695 1165 1824 ‘⁴703

179 1825 345 1888 vulneribus
359 1825 507 1888 confossus
522 1839 576 1888 est.

223 1929 273 1988 12.
298 1923 455 1989 Interfecto
476 1924 604 2004 Caesiue,
626 1948 705 1990 anno
729 1927 807 1990 urbis
829 1927 1089 2012 septingentesimo
1112 1950 1166 1992 no·

178 2048 218 2088 no
242 2025 320 2088 bella
343 2026 440 2089 civilia
464 2033 599 2112 reperite
626 2040 704 2090 sunt.
747 2027 873 2090 Sonitus
898 2027 1017 2090 favebat
1042 2025 1167 2090 Caesiris

182 2125 420 2208 percussoribus,⁶
442 2126 589 2189 Antonius
609 2127 746 2189 consula
765 2126 890 2190 Caesdris
911 2127 1041 2210 partibus
1062 2127 1166 2190 stabat.

183 2224 265 2307 Ergo
289 2226 406 2287 turbinis
426 2225 589 2308 republicis,
610 2225 767 2301 Antonius,
787 2225 885 2288 multis
906 2227 1063 2290 seelerssrus
1087 2249 1169 2289 oom-
1204 2285 1208 2293 ,

182 2324 284 2401 missis,
300 2346 318 2388 e
332 2331 435 2387 sonitu
450 2324 538 2388 hostis
548 2324 697 2408 judicitus
711 2337 765 2388 est.
807 2323 904 2388 Fusus
918 2325 1090 2408 fugatusque
1106 2327 1171 2388 An·

181 2425 286 2500 tonius,
302 2424 408 2486 amisso
429 2424 717 2506 exemitu,oonli1git
739 2425 776 2488 ad
797 2424 955 2508 Lepidum,
971 2425 1019 2508 qui
1041 2425 1168 2490 Ossa?

182 2525 316 2606 magister
330 2525 462 2608 equitum
476 2523 579 2600 suerat,
594 2537 625 2586 et
638 2536 701 2586 tum
719 2525 842 2605 grandes
856 2524 955 2608 copias
969 2525 1094 2588 militum
1115 2527 1170 2590 ha-

182 2625 289 2701 bibat3
318 2646 337 2687 a
362 2646 420 2708 quo
444 2638 595 2707 susceptus
616 2637 669 2686 est.
712 2622 790 2686 Mox
810 2623 992 2688 Ootaviinus
1012 2647 1082 2688 oum
1105 2626 1169 2688 An·

182 2723 262 2787 tonio
279 2745 384 2808 paoem
406 2723 485 2801 feeit,
507 2737 537 2787 et
558 2724 639 2808 quasi
661 2722 871 2786 vindicaturus⁶
893 2723 1007 2807 patris*
1026 2725 1071 2786 sui
1092 2747 1169 2787 mor·

182 2839 253 2901 tem,
279 2846 297 2887 a
326 2846 384 2908 quo
412 2845 465 2908 per
488 2836 693 2888 testamentum
722 2823 815 2888 suerat
844 2825 1008 2909 adoptetus,
1038 2823 1169 2890 Romam

182 2946 252 2988 oum
273 2925 404 2988 exercitu
426 2924 572 3008 profectus
593 2925 722 3002 extorsit,
744 2938 777 2988 ut
797 2925 852 2988 sibi
869 2924 972 3010 juvini
995 2925 1096 3008 viginti
1117 2948 1154 2990 an

183 3025 298 3090 norum‘
327 3025 494 3088 consulitus
522 3026 647 3088 daretur.
691 3025 773 3088 Tum
796 3025 915 3110 junctus
940 3048 1008 3090 oum
1037 3027 1169 3092 Antonio

184 3139 214 3188 et
239 3125 356 3208 Lepido
382 3125 594 3208 rempublicam
619 3125 705 3188 armis
728 3131 828 3188 tenere
851 3126 952 3210 coepit,
976 3140 1169 3210 senatumque

184 3225 357 3309 proscripsit.
401 3225 462 3288 Per
474 3225 528 3288 hos
542 3225 629 3289 etiam
648 3224 757 3289 Cineae
777 3233 871 3290 oritor
890 3230 1004 3291 occisus
1026 3240 1079 3305 est,
1093 3249 1169 3290 mu·

183 3328 264 3408 tique
279 3326 326 3388 alii
339 3326 463 3390 nobiles·

535 3498 549 3524 ⁴
565 3497 582 3546 i.
593 3512 616 3546 e.
632 3497 696 3547 Jnltt
709 3499 822 3549 Coeadrr's.

249 3590 392 3655 *smne
565 3591 785 3654 mannan.
928 3591 1115 3657 ‘tauma

250 3667 432 3734 »satam
564 3669 752 3731 armano.
