2656 4304
217 408 286 492 106Ι
450 425 489 470 ur
511 423 578 472 aun
601 425 789 470 caecamur
812 425 875 468 ιιιιι
895 425 963 468 ran

213 559 346 640 universa
368 574 515 660 Hispania
532 573 614 638 dives
635 573 685 638 sit‘
707 587 737 638 et
758 573 905 650 soecunds,
926 593 965 652 es
983 585 1083 636 umen
1104 572 1215 656 regio,

212 697 276 761 que
302 697 320 740 a
347 675 468 738 flumine
489 674 584 740 ΒωιῚ
607 675 721 738 Baetica
745 681 875 751 vocetur,
900 673 1012 736 cetairas
1037 672 1216 738 l'ertilitite‘
1242 701 1246 708 ·

212 777 368 840 antecellit.
411 776 457 839 lbi
471 775 572 840 Gades
592 775 662 853 sita,
676 775 770 840 insirla
789 797 859 838 cum
873 775 944 836 urbe
965 795 983 836 a
1004 773 1103 857 Tyriis
1128 777 1214 836 corr-

212 877 285 954 dits,
308 899 372 962 qua
395 876 467 940 frete
490 876 638 940 Gadita'rno
665 897 772 940 nomen
800 875 888 938 dedit.
931 873 1012 937 Tota
1039 873 1089 937 illa
1118 875 1212 958 regio

213 975 304 1054 viris,‘
326 977 417 1062 equis,
432 977 514 1054 lenc,
537 977 667 1061 plumbo,
682 997 747 1054 are,
762 989 890 1059 argento,
905 981 1054 1062 arubque·
1055 975 1207 1052 abundat,

213 1091 244 1139 et
257 1077 307 1140 ubi
328 1077 449 1160 penuria
462 1083 601 1161 aquinum
615 1077 710 1140 minias
724 1091 769 1140 est
790 1075 898 1152 fertilis,
912 1075 1003 1137 linum
1024 1087 1124 1138 tamen
1149 1089 1207 1138 aut

211 1189 342 1260 spartum
369 1176 429 1240 alit.
473 1175 627 1242 Marmbris
660 1199 776 1262 quoque
810 1175 980 1262 lapicidinas
1015 1175 1113 1238 habet.
1162 1174 1202 1238 In

211 1271 378 1339 Baticb'
339 1277 460 1340 minium
474 1281 621 1362 reperitur.

253 1379 286 1439 4.
308 1375 407 1440 Gallia
421 1379 516 1462 posita
530 1391 575 1442 est
588 1379 663 1440 inter
676 1377 833 1461 Pyrenaeos
847 1388 961 1439 montes
982 1388 1013 1438 et
1033 1374 1198 1454 Rhenum;

210 1476 379 1540 orientalem
398 1499 480 1540 oram
500 1477 634 1540 Tuscum
656 1499 737 1542 mare
757 1477 848 1554 alluit,
862 1475 1072 1540 occidentt'tlem
1094 1475 1198 1538 Occi-

211 1599 275 1640 nus.
319 1576 394 1663 Ejus
415 1599 481 1662 pars
502 1577 561 1655 illa,
583 1601 646 1664 quae
669 1577 770 1642 ltaliae'
797 1591 840 1641 est
861 1578 1006 1662 opposita,
1028 1589 1058 1640 et
1079 1574 1197 1638 Narbo-

211 1677 306 1740 nensis
325 1685 454 1755 vnca'atur,
468 1679 627 1742 omnium*
647 1693 691 1742 est
711 1678 866 1744 latissima
910 1677 945 1740 ln
960 1677 997 1740 eia
1009 1677 1061 1740 orb
1081 1676 1134 1738 sita
1150 1689 1194 1738 eet

210 1775 350 1852 Massilia,
366 1777 432 1838 urbs
454 1798 472 1838 a
493 1777 626 1842 Phocaeia
647 1779 775 1855 condita,
798 1777 857 1862 qui,
873 1778 965 1862 patriis
985 1799 1003 1840 a
1025 1775 1121 1839 Persis
1141 1776 1193 1838 de·

209 1873 297 1968 ¹vieti,
323 1894 414 1958 quum
441 1873 609 1940 servibitem
636 1876 709 1942 serre
736 1900 794 1940 non
825 1893 952 1962 possent,
981 1877 1056 1940 Asirl
1082 1877 1191 1954 relictis,

209 1995 300 2038 noves
322 1973 351 2038 in
377 1973 500 2058 Eurept
520 1977 605 2040 sedes
627 1977 840 2061 quaesiverant„
870 1979 984 2042 Ibidem
1005 1992 1049 2040 est
1070 1998 1191 2060 campus

209 2075 350 2160 lapideus,
364 2074 415 2138 ubi
430 2073 574 2140 Hercriles
592 2078 697 2142 dicitur
716 2093 818 2143 contra
832 2077 963 2164 Neptuni
984 2077 1087 2141 libims
1109 2077 1190 2140 dimi-

208 2175 300 2240 sisse.
344 2174 449 2250 Quum
462 2175 521 2239 tela
535 2177 716 2257 defecissent,
727 2178 843 2264 Jupiter
857 2179 944 2242 filium
960 2179 1050 2242 imbre
1060 2177 1189 2262 lapidum

208 2275 328 2362 adjuvit.
371 2275 506 2342 credas!
519 2278 626 2363 pluisse
635 2281 672 2359 ;'†
692 2280 767 2344 adeb
782 2281 865 2344 multi
879 2280 986 2366 passim
995 2279 1104 2365 jacent.

251 2381 283 2442 5.
316 2377 481 2446 Rhodinus
508 2381 624 2460 fluvius,
652 2381 732 2444 haud
759 2381 846 2464 longi
882 2403 901 2444 a
929 2379 1029 2444 Rheni
1064 2379 1187 2442 sontibus

207 2493 296 2554 ortus,
319 2478 386 2542 lacu
409 2480 544 2545 lemine
566 2481 720 2564 excipitur,
742 2487 895 2566 servatque
920 2481 1071 2566 impitum,
1093 2481 1131 2543 ita
1153 2491 1185 2541 ut

208 2598 261 2662 per
280 2579 409 2640 medium
430 2579 528 2642 lacum
549 2579 660 2662 integer
680 2580 760 2658 fluat,
775 2593 940 2664 tantusque,
956 2594 1079 2666 quantus
1100 2579 1183 2656 venit,

207 2677 377 2760 egrediatur.
421 2677 495 2742 lude
520 2679 557 2742 ed
582 2686 737 2793 occispm
750 2702 858 2758 versus,
884 2681 995 2750 Gallias
1024 2679 1181 2792 aliquandiu

207 2777 331 2857 dirunit;
353 2780 458 2862 donee,
479 2801 566 2843 cursu
587 2802 616 2842 ιιι
638 2767 787 2844 meridiem
808 2781 896 2860 flexo,
918 2781 1039 2845 alierum
1060 2779 1181 2844 amnium

206 2899 325 2940 accesm
341 2895 443 2942 auctus
456 2879 486 2943 in
501 2902 581 2944 mare
594 2881 760 2944 effimditur.

217 2979 280 3057 ιθ.
311 2975 359 3040 Ea
384 2999 450 3062 pars
475 2979 589 3057 Gallie,
618 3003 682 3066 qua
707 2981 745 3046 ad
773 2980 914 3044 Rhenum
943 2980 1102 3065 porrigitur,
1129 2977 1180 3040 sru-

205 3075 319 3140 menti'
345 3078 504 3162 pabulique
528 3079 703 3155 feracissima
728 3096 781 3160 est,
806 3082 915 3146 coelum
939 3081 1071 3158 salubre3
1099 3081 1178 3142 noxia

205 3177 373 3242 animalium
394 3179 502 3262 genera
524 3202 619 3265 pauca
633 3183 702 3247 aliti
737 3182 844 3245 chlae
866 3181 981 3266 superbi
1003 3196 1033 3244 et
1053 3179 1178 3266 supersti-

205 3278 278 3356 tissi,
302 3279 398 3344 itaut
423 3281 492 3344 deos
521 3281 654 3344 humanis
680 3281 754 3344 u'ict⁹
783 3281 826 3344 ‘sl
855 3283 982 3365 gaudere
1010 3281 1175 3344 existiment.

314 3449 327 3474 ⁹
344 3450 442 3514 Supply
453 3451 572 3514 partium.
699 3453 709 3502 l
728 3454 825 3519 lupply
835 3455 901 3517 illos,
912 3455 928 3502 i.
939 3469 962 3502 e.
973 3455 1076 3518 lapides.

243 3553 503 3618 '‘526325.R·1·
614 3552 867 3628 ‘enelamur
965 3562 1076 3626 ctera.

284 3630 453 3695 ‘tm-2·
615 3639 723 3704 ἰιιι
966 3639 1113 3706 naseu

283 3711 389 3773 ἨΜ
613 3717 804 3783 taceant
