2656 4304
185 389 247 453 182
462 407 502 450 or
524 405 594 450 nun
615 404 814 465 namur,
834 388 899 450 tto.

182 554 243 620 tolli
265 576 325 620 uon
347 567 478 638 possunt.
520 552 647 637 Ungue
666 549 790 618 cervinis
811 551 879 618 sunt
900 553 1018 617 similes.
1063 553 1119 619 Hs
1140 557 1171 620 in

182 655 252 740 ngat
264 656 517 740 eomprehendunt
531 655 654 738 lapides,
668 675 775 738 eosque
795 670 897 719 eontra
911 669 1066 738 sequentes
1084 655 1171 741 jacu-

182 757 288 822 lantur.
341 755 452 819 Omnia
471 757 670 839 concoquunt.
713 753 854 818 Cototlun
875 745 982 838 magna
1004 756 1038 819 iis
1059 757 1171 821 stolidi-

184 873 239 934 tas,
259 858 301 920 ita
321 871 365 933 ut,
379 879 469 940 quum
490 870 581 940 caput
601 871 632 919 et
651 855 761 919 collum
783 856 885 920 liutioe
905 857 1124 935 occultaverint,
1139 879 1171 921 se

184 960 275 1024 latore
289 957 465 1022 existiment.
509 956 619 1020 Pennae
634 963 735 1021 eomm
750 971 914 1040 quaeruntur
926 957 964 1020 ad
977 965 1120 1022 emotum.

228 1061 282 1122 78.
319 1058 423 1122 Africa
462 1072 609 1140 serpentes
645 1057 766 1139 genorat
801 1056 953 1120 vicontlm‘
989 1057 1170 1137 cubitorum3

184 1181 241 1224 neo
262 1159 389 1222 minores
412 1157 506 1220 ludia.
550 1156 641 1220 Certo
663 1153 878 1240 lllegasthones
896 1157 1002 1234 scribit,
1023 1171 1171 1242 serpentes

185 1259 268 1324 ibiin
285 1273 396 1322 tantam
417 1257 649 1341 magnitudinem
670 1257 847 1334 adolesoore,
862 1271 894 1320 ut
910 1258 1017 1320 solidos
1038 1258 1170 1321 hauriant

185 1382 287 1424 cervos
308 1373 473 1442 taurosque.
517 1358 552 1420 In
574 1357 669 1441 primo
691 1357 809 1420 Punioo
829 1357 907 1420 bello
922 1359 959 1420 ad
980 1358 1089 1420 flumen
1110 1357 1172 1421 Ba-

187 1462 306 1544 griidam
328 1481 446 1543 serpens
467 1473 586 1522 centum
609 1457 709 1541 viginti
731 1457 839 1542 pedum
862 1479 880 1520 a
902 1457 1030 1540 Regillo,
1050 1458 1172 1542 impera-

187 1569 249 1626 tore
271 1560 420 1638 Romono,
437 1559 557 1622 ballistis
579 1573 609 1621 et
630 1558 779 1622 tormentis
801 1565 970 1641 expugnota
991 1579 1054 1622 esse
1075 1558 1171 1622 fertur.

188 1662 278 1724 Pellis
300 1661 362 1745 ejus
379 1675 409 1724 et
422 1660 547 1722 maxillae
563 1658 611 1721 diu
626 1658 732 1722 Romae
754 1659 783 1722 in
805 1659 915 1742 templo
937 1659 1063 1742 quodam
1084 1681 1172 1723 asser·

189 1769 262 1824 voto
290 1774 367 1822 sunt.
410 1761 446 1822 ln
476 1759 561 1821 lndiri
588 1772 736 1842 serpentes
766 1773 938 1842 perpetuum
966 1759 1076 1822 bellum
1104 1783 1172 1824 oum

187 1859 348 1943 elephantis
383 1873 496 1942 genunt.
541 1859 589 1921 Ex
625 1859 775 1922 arboribus
810 1881 842 1921 se
878 1861 907 1922 in
944 1861 1173 1942 pretereunoes*

189 1961 369 2046 precipitem
389 1982 559 2044 gressusque
579 1960 669 2043 ligant
691 1959 783 2022 nodis.
829 1957 893 2022 Hos
914 1960 1006 2022 nodos
1027 1960 1173 2044 elephanti

188 2085 277 2127 manu
292 2063 447 2126 resolvunt
491 2063 535 2125 At
550 2063 691 2126 dracones
706 2062 734 2124 in
750 2060 827 2145 ipses
849 2061 1070 2144 elephantorum
1092 2083 1173 2124 nares

187 2179 279 2248 eaput
303 2165 433 2227 condunt
458 2163 647 2249 spiritumque
673 2163 852 2246 praeclodunt
878 2156 1047 2246 plerirmque
1071 2163 1101 2225 in
1125 2162 1174 2225 ills

189 2264 374 2330 dimicatione
391 2268 505 2348 utrique
519 2263 756 2340 commoriuntur,
771 2264 841 2328 dum
856 2262 949 2326 rioms
970 2262 1090 2346 elophas
1111 2283 1174 2326 oon

190 2389 274 2431 mens
289 2381 452 2451 serpentem
468 2365 597 2450 pondero
610 2387 663 2428 suo
677 2363 767 2428 elidit.

191 2494 268 2508 ρ

395 2559 409 2583 ·
424 2558 436 2620 ξ
452 2558 506 2619 119,
518 2557 557 2606 ΙΙΙ
771 2556 784 2582 “
801 2556 900 2622 Supply
910 2555 968 2606 illu
