<?xml version="1.0" encoding="UTF-8"?>
<!DOCTYPE html PUBLIC "-//W3C//DTD XHTML 1.0 Transitional//EN"
    "http://www.w3.org/TR/xhtml1/DTD/xhtml1-transitional.dtd">
<html xmlns="http://www.w3.org/1999/xhtml" xml:lang="en" lang="en">
 <head>
  <title>
</title>
<meta http-equiv="Content-Type" content="text/html;charset=utf-8" />
  <meta name='ocr-system' content='tesseract 3.04.00' />
  <meta name='ocr-capabilities' content='ocr_page ocr_carea ocr_par ocr_line ocrx_word'/>
</head>
<body>
  <div class='ocr_page' id='page_1' title='image "./firstpartjacobs00brewgoog_0121.png"; bbox 0 0 2656 4304; ppageno 0'>
   <div class='ocr_carea' id='block_1_1' title="bbox 190 404 939 472">
    <p class='ocr_par' dir='ltr' id='par_1_1' title="bbox 190 404 939 472">
     <span class='ocr_line' id='line_1_1' title="bbox 190 404 939 472; baseline -0.015 -6"><span class='ocrx_word' id='word_1_1' title='bbox 190 404 252 466; x_wconf 90' lang='grc'><strong>110</strong></span> <span class='ocrx_word' id='word_1_2' title='bbox 422 417 461 460; x_wconf 89' lang='lat' dir='ltr'><strong>or</strong></span> <span class='ocrx_word' id='word_1_3' title='bbox 482 415 551 460; x_wconf 83' lang='lat' dir='ltr'><strong>rnr</strong></span> <span class='ocrx_word' id='word_1_4' title='bbox 572 413 763 458; x_wconf 73' lang='lat' dir='ltr'><strong>armamur</strong></span> <span class='ocrx_word' id='word_1_5' title='bbox 782 413 851 472; x_wconf 67' lang='lat' dir='ltr'><strong>,ann</strong></span> <span class='ocrx_word' id='word_1_6' title='bbox 871 413 939 456; x_wconf 81' lang='lat' dir='ltr'><strong>rur</strong></span> 
     </span>
    </p>
   </div>
   <div class='ocr_carea' id='block_1_2' title="bbox 186 558 1180 774">
    <p class='ocr_par' dir='ltr' id='par_1_2' title="bbox 186 558 1180 774">
     <span class='ocr_line' id='line_1_2' title="bbox 187 558 1180 654; baseline -0.01 -21"><span class='ocrx_word' id='word_1_7' title='bbox 187 587 251 654; x_wconf 78' lang='lat' dir='ltr'><strong>qus</strong></span> <span class='ocrx_word' id='word_1_8' title='bbox 270 579 314 632; x_wconf 89' lang='lat' dir='ltr'><strong>tot</strong></span> <span class='ocrx_word' id='word_1_9' title='bbox 333 579 452 650; x_wconf 87' lang='lat' dir='ltr'><strong>tamque</strong></span> <span class='ocrx_word' id='word_1_10' title='bbox 467 563 603 650; x_wconf 77' lang='lat' dir='ltr'><strong>pulohm</strong></span> <span class='ocrx_word' id='word_1_11' title='bbox 623 563 708 626; x_wconf 69' lang='lat' dir='ltr'><strong>urbm</strong></span> <span class='ocrx_word' id='word_1_12' title='bbox 728 559 860 637; x_wconf 70' lang='lat' dir='ltr'><strong>habeat:</strong></span> <span class='ocrx_word' id='word_1_13' title='bbox 875 559 956 624; x_wconf 86' lang='lat' dir='ltr'><strong>inter</strong></span> <span class='ocrx_word' id='word_1_14' title='bbox 977 580 1049 644; x_wconf 88' lang='lat' dir='ltr'><strong>quas</strong></span> <span class='ocrx_word' id='word_1_15' title='bbox 1070 558 1180 624; x_wconf 73' lang='lat' dir='ltr'><strong>Roma</strong></span> 
     </span>
     <span class='ocr_line' id='line_1_3' title="bbox 186 663 904 774; baseline -0.013 -42"><span class='ocrx_word' id='word_1_16' title='bbox 186 682 216 732; x_wconf 82' lang='lat' dir='ltr'><strong>et</strong></span> <span class='ocrx_word' id='word_1_17' title='bbox 229 667 429 750; x_wconf 80' lang='lat' dir='ltr'><strong>magnimdrne</strong></span> <span class='ocrx_word' id='word_1_18' title='bbox 442 679 473 730; x_wconf 92' lang='lat' dir='ltr'><strong>et</strong></span> <span class='ocrx_word' id='word_1_19' title='bbox 485 664 611 728; x_wconf 89' lang='lat' dir='ltr'><strong>nominis</strong></span> <span class='ocrx_word' id='word_1_20' title='bbox 625 663 704 726; x_wconf 69' lang='lat' dir='ltr'><strong>sarni</strong></span> <span class='ocrx_word' id='word_1_21' title='bbox 716 663 835 726; x_wconf 79' lang='lat' dir='ltr'><strong>emInct.</strong></span> <span class='ocrx_word' id='word_1_22' title='bbox 855 663 904 774; x_wconf 66' lang='lat'><strong>&gt;&lt;</strong></span> 
     </span>
    </p>
   </div>
   <div class='ocr_carea' id='block_1_3' title="bbox 184 764 1176 1550">
    <p class='ocr_par' dir='ltr' id='par_1_3' title="bbox 184 764 1176 1550">
     <span class='ocr_line' id='line_1_4' title="bbox 232 764 1176 846; baseline -0.007 -15"><span class='ocrx_word' id='word_1_23' title='bbox 232 773 283 831; x_wconf 87' lang='lat' dir='ltr'><strong>l&#39;l.</strong></span> <span class='ocrx_word' id='word_1_24' title='bbox 313 766 387 832; x_wconf 76' lang='lat' dir='ltr'><strong>Heu</strong></span> <span class='ocrx_word' id='word_1_25' title='bbox 416 767 494 842; x_wconf 87' lang='lat' dir='ltr'><strong>urbs,</strong></span> <span class='ocrx_word' id='word_1_26' title='bbox 522 764 598 828; x_wconf 89' lang='lat' dir='ltr'><strong>orbis</strong></span> <span class='ocrx_word' id='word_1_27' title='bbox 627 770 765 827; x_wconf 71' lang='lat' dir='ltr'><strong>tarnum</strong></span> <span class='ocrx_word' id='word_1_28' title='bbox 791 773 891 846; x_wconf 88' lang='lat' dir='ltr'><strong>caput,</strong></span> <span class='ocrx_word' id='word_1_29' title='bbox 915 772 1029 844; x_wconf 79' lang='lat' dir='ltr'><strong>septem</strong></span> <span class='ocrx_word' id='word_1_30' title='bbox 1056 773 1176 824; x_wconf 89' lang='lat' dir='ltr'><strong>montes</strong></span> 
     </span>
     <span class='ocr_line' id='line_1_5' title="bbox 185 860 1175 952; baseline -0.008 -20"><span class='ocrx_word' id='word_1_31' title='bbox 185 866 399 952; x_wconf 87' lang='lat' dir='ltr'><strong>complectitur.</strong></span> <span class='ocrx_word' id='word_1_32' title='bbox 456 864 543 930; x_wconf 88' lang='lat' dir='ltr'><strong>Initio</strong></span> <span class='ocrx_word' id='word_1_33' title='bbox 578 876 700 948; x_wconf 89' lang='lat' dir='ltr'><strong>quatuor</strong></span> <span class='ocrx_word' id='word_1_34' title='bbox 735 875 832 946; x_wconf 89' lang='lat' dir='ltr'><strong>portas</strong></span> <span class='ocrx_word' id='word_1_35' title='bbox 859 860 1008 937; x_wconf 68' lang='lat' dir='ltr'><strong>habebat3</strong></span> <span class='ocrx_word' id='word_1_36' title='bbox 1043 860 1175 944; x_wconf 81' lang='lat' dir='ltr'><strong>Augusti</strong></span> 
     </span>
     <span class='ocr_line' id='line_1_6' title="bbox 186 960 1173 1050; baseline -0.007 -19"><span class='ocrx_word' id='word_1_37' title='bbox 186 989 250 1032; x_wconf 74' lang='lat' dir='ltr'><strong>evo</strong></span> <span class='ocrx_word' id='word_1_38' title='bbox 263 965 378 1050; x_wconf 83' lang='lat' dir='ltr'><strong>triginta</strong></span> <span class='ocrx_word' id='word_1_39' title='bbox 391 979 513 1050; x_wconf 81' lang='lat' dir='ltr'><strong>septem.</strong></span> <span class='ocrx_word' id='word_1_40' title='bbox 557 963 645 1026; x_wconf 82' lang='lat' dir='ltr'>Urbis</span> <span class='ocrx_word' id='word_1_41' title='bbox 666 960 910 1046; x_wconf 83' lang='lat' dir='ltr'><strong>magnificentiam</strong></span> <span class='ocrx_word' id='word_1_42' title='bbox 931 961 1077 1043; x_wconf 70' lang='lat' dir='ltr'><strong>augebant</strong></span> <span class='ocrx_word' id='word_1_43' title='bbox 1097 960 1173 1038; x_wconf 88' lang='lat' dir='ltr'><strong>sora,</strong></span> 
     </span>
     <span class='ocr_line' id='line_1_7' title="bbox 185 1061 1172 1152; baseline -0.005 -21"><span class='ocrx_word' id='word_1_44' title='bbox 185 1068 306 1152; x_wconf 82' lang='lat' dir='ltr'><strong>templa,</strong></span> <span class='ocrx_word' id='word_1_45' title='bbox 331 1069 467 1152; x_wconf 87' lang='lat' dir='ltr'><strong>porticus,</strong></span> <span class='ocrx_word' id='word_1_46' title='bbox 493 1065 690 1150; x_wconf 77' lang='lat' dir='ltr'><strong>aqueductus,</strong></span> <span class='ocrx_word' id='word_1_47' title='bbox 713 1063 835 1140; x_wconf 69' lang='lat' dir='ltr'><strong>theitra,</strong></span> <span class='ocrx_word' id='word_1_48' title='bbox 860 1083 945 1126; x_wconf 85' lang='lat' dir='ltr'><strong>arcus</strong></span> <span class='ocrx_word' id='word_1_49' title='bbox 972 1061 1172 1146; x_wconf 75' lang='lat' dir='ltr'><strong>triumphales,</strong></span> 
     </span>
     <span class='ocr_line' id='line_1_8' title="bbox 184 1161 1173 1250; baseline -0.004 -20"><span class='ocrx_word' id='word_1_50' title='bbox 184 1167 260 1230; x_wconf 87' lang='lat' dir='ltr'><strong>horti</strong></span> <span class='ocrx_word' id='word_1_51' title='bbox 280 1166 416 1250; x_wconf 85' lang='lat' dir='ltr'><strong>denique,</strong></span> <span class='ocrx_word' id='word_1_52' title='bbox 434 1179 464 1228; x_wconf 88' lang='lat' dir='ltr'><strong>et</strong></span> <span class='ocrx_word' id='word_1_53' title='bbox 485 1165 515 1228; x_wconf 94' lang='lat' dir='ltr'><strong>id</strong></span> <span class='ocrx_word' id='word_1_54' title='bbox 536 1163 640 1248; x_wconf 69' lang='lat' dir='ltr'><strong>genus‘</strong></span> <span class='ocrx_word' id='word_1_55' title='bbox 662 1163 728 1242; x_wconf 89' lang='lat' dir='ltr'><strong>alia,</strong></span> <span class='ocrx_word' id='word_1_56' title='bbox 743 1164 782 1228; x_wconf 89' lang='lat' dir='ltr'><strong>ad</strong></span> <span class='ocrx_word' id='word_1_57' title='bbox 803 1184 867 1248; x_wconf 80' lang='lat' dir='ltr'><strong>quae</strong></span> <span class='ocrx_word' id='word_1_58' title='bbox 889 1162 937 1226; x_wconf 88' lang='lat' dir='ltr'><strong>vel</strong></span> <span class='ocrx_word' id='word_1_59' title='bbox 957 1161 1035 1226; x_wconf 85' lang='lat' dir='ltr'><strong>lecta</strong></span> <span class='ocrx_word' id='word_1_60' title='bbox 1055 1163 1173 1226; x_wconf 83' lang='lat' dir='ltr'><strong>anirnus</strong></span> 
     </span>
     <span class='ocr_line' id='line_1_9' title="bbox 184 1261 1171 1348; baseline -0.002 -20"><span class='ocrx_word' id='word_1_61' title='bbox 184 1278 292 1348; x_wconf 88' lang='lat' dir='ltr'><strong>stupet.</strong></span> <span class='ocrx_word' id='word_1_62' title='bbox 336 1264 439 1339; x_wconf 87' lang='lat' dir='ltr'><strong>Quare</strong></span> <span class='ocrx_word' id='word_1_63' title='bbox 451 1265 531 1328; x_wconf 73' lang='lat' dir='ltr'><strong>rectis</strong></span> <span class='ocrx_word' id='word_1_64' title='bbox 546 1265 584 1326; x_wconf 85' lang='lat' dir='ltr'><strong>de</strong></span> <span class='ocrx_word' id='word_1_65' title='bbox 600 1265 639 1328; x_wconf 76' lang='lat' dir='ltr'><strong>ed</strong></span> <span class='ocrx_word' id='word_1_66' title='bbox 657 1264 813 1348; x_wconf 65' lang='lat' dir='ltr'><strong>praedicere</strong></span> <span class='ocrx_word' id='word_1_67' title='bbox 834 1263 976 1340; x_wconf 89' lang='lat' dir='ltr'><strong>videntur,</strong></span> <span class='ocrx_word' id='word_1_68' title='bbox 992 1261 1041 1346; x_wconf 90' lang='lat' dir='ltr'><strong>qui</strong></span> <span class='ocrx_word' id='word_1_69' title='bbox 1062 1263 1171 1326; x_wconf 87' lang='lat' dir='ltr'><strong>nullius</strong></span> 
     </span>
     <span class='ocr_line' id='line_1_10' title="bbox 184 1361 1171 1447; baseline -0.002 -19"><span class='ocrx_word' id='word_1_70' title='bbox 184 1364 312 1428; x_wconf 91' lang='lat' dir='ltr'><strong>urbisin</strong></span> <span class='ocrx_word' id='word_1_71' title='bbox 334 1379 396 1428; x_wconf 91' lang='lat' dir='ltr'><strong>toto</strong></span> <span class='ocrx_word' id='word_1_72' title='bbox 418 1366 488 1428; x_wconf 88' lang='lat' dir='ltr'><strong>orbe</strong></span> <span class='ocrx_word' id='word_1_73' title='bbox 511 1371 651 1428; x_wconf 69' lang='lat' dir='ltr'><strong>terrarum</strong></span> <span class='ocrx_word' id='word_1_74' title='bbox 675 1363 918 1447; x_wconf 83' lang='lat' dir='ltr'><strong>magnificentiam</strong></span> <span class='ocrx_word' id='word_1_75' title='bbox 939 1363 984 1426; x_wconf 79' lang='lat' dir='ltr'><strong>ei‘</strong></span> <span class='ocrx_word' id='word_1_76' title='bbox 1009 1361 1171 1447; x_wconf 74' lang='lat' dir='ltr'><strong>comparari</strong></span> 
     </span>
     <span class='ocr_line' id='line_1_11' title="bbox 185 1464 429 1550; baseline 0 -22"><span class='ocrx_word' id='word_1_77' title='bbox 185 1485 271 1550; x_wconf 86' lang='lat' dir='ltr'><strong>posse</strong></span> <span class='ocrx_word' id='word_1_78' title='bbox 284 1464 429 1528; x_wconf 66' lang='lat' dir='ltr'><strong>dixerunt.</strong></span> 
     </span>
    </p>
   </div>
   <div class='ocr_carea' id='block_1_4' title="bbox 231 1561 1312 1648">
    <p class='ocr_par' dir='ltr' id='par_1_4' title="bbox 231 1561 1312 1648">
     <span class='ocr_line' id='line_1_12' title="bbox 231 1561 1312 1648; baseline -0.004 -20"><span class='ocrx_word' id='word_1_79' title='bbox 231 1567 281 1628; x_wconf 87' lang='grc'><strong>18.</strong></span> <span class='ocrx_word' id='word_1_80' title='bbox 306 1563 488 1628; x_wconf 81' lang='lat' dir='ltr'><strong>Felicissimo</strong></span> <span class='ocrx_word' id='word_1_81' title='bbox 516 1564 546 1626; x_wconf 91' lang='lat' dir='ltr'><strong>in</strong></span> <span class='ocrx_word' id='word_1_82' title='bbox 575 1563 660 1627; x_wconf 74' lang='lat' dir='ltr'><strong>Iulia</strong></span> <span class='ocrx_word' id='word_1_83' title='bbox 687 1563 766 1646; x_wconf 85' lang='lat' dir='ltr'><strong>regio</strong></span> <span class='ocrx_word' id='word_1_84' title='bbox 790 1576 834 1626; x_wconf 77' lang='lat' dir='ltr'><strong>est</strong></span> <span class='ocrx_word' id='word_1_85' title='bbox 861 1561 1037 1648; x_wconf 83' lang='lat' dir='ltr'><strong>Campania.</strong></span> <span class='ocrx_word' id='word_1_86' title='bbox 1079 1561 1169 1625; x_wconf 89' lang='lat' dir='ltr'><strong>Multi</strong></span> <span class='ocrx_word' id='word_1_87' title='bbox 1305 1620 1312 1640; x_wconf 61' lang='lat'><strong>,</strong></span> 
     </span>
    </p>
   </div>
   <div class='ocr_carea' id='block_1_5' title="bbox 184 1662 1168 2851">
    <p class='ocr_par' dir='ltr' id='par_1_5' title="bbox 184 1662 1168 2045">
     <span class='ocr_line' id='line_1_13' title="bbox 184 1662 1167 1746; baseline -0.002 -18"><span class='ocrx_word' id='word_1_88' title='bbox 184 1664 225 1728; x_wconf 83' lang='lat' dir='ltr'><strong>rbi</strong></span> <span class='ocrx_word' id='word_1_89' title='bbox 246 1662 354 1728; x_wconf 74' lang='lat' dir='ltr'><strong>vitisiri</strong></span> <span class='ocrx_word' id='word_1_90' title='bbox 373 1665 474 1742; x_wconf 82' lang='lat' dir='ltr'><strong>colles,</strong></span> <span class='ocrx_word' id='word_1_91' title='bbox 490 1663 541 1727; x_wconf 92' lang='lat' dir='ltr'><strong>ubi</strong></span> <span class='ocrx_word' id='word_1_92' title='bbox 561 1664 737 1726; x_wconf 84' lang='lat' dir='ltr'><strong>nobilissima</strong></span> <span class='ocrx_word' id='word_1_93' title='bbox 759 1662 826 1726; x_wconf 88' lang='lat' dir='ltr'><strong>vina</strong></span> <span class='ocrx_word' id='word_1_94' title='bbox 847 1663 1011 1746; x_wconf 87' lang='lat' dir='ltr'><strong>gignuntur,</strong></span> <span class='ocrx_word' id='word_1_95' title='bbox 1026 1662 1167 1739; x_wconf 84' lang='lat' dir='ltr'><strong>Setinum,</strong></span> 
     </span>
     <span class='ocr_line' id='line_1_14' title="bbox 185 1761 1167 1840; baseline 0.002 -16"><span class='ocrx_word' id='word_1_96' title='bbox 185 1761 359 1839; x_wconf 78' lang='lat' dir='ltr'><strong>Ceoribum,</strong></span> <span class='ocrx_word' id='word_1_97' title='bbox 385 1763 553 1840; x_wconf 85' lang='lat' dir='ltr'><strong>Falernum,</strong></span> <span class='ocrx_word' id='word_1_98' title='bbox 574 1763 751 1826; x_wconf 73' lang='lat' dir='ltr'><strong>Massicum.</strong></span> <span class='ocrx_word' id='word_1_99' title='bbox 794 1761 894 1827; x_wconf 86' lang='lat' dir='ltr'><strong>Calidi</strong></span> <span class='ocrx_word' id='word_1_100' title='bbox 918 1764 1026 1826; x_wconf 81' lang='lat' dir='ltr'><strong>ibidem</strong></span> <span class='ocrx_word' id='word_1_101' title='bbox 1054 1762 1167 1826; x_wconf 70' lang='lat' dir='ltr'><strong>sontes‘</strong></span> 
     </span>
     <span class='ocr_line' id='line_1_15' title="bbox 184 1859 1168 1948; baseline 0 -22"><span class='ocrx_word' id='word_1_102' title='bbox 184 1860 372 1926; x_wconf 84' lang='lat' dir='ltr'><strong>saluberrimi.</strong></span> <span class='ocrx_word' id='word_1_103' title='bbox 417 1859 573 1946; x_wconf 86' lang='lat' dir='ltr'><strong>Nusquam</strong></span> <span class='ocrx_word' id='word_1_104' title='bbox 593 1862 757 1945; x_wconf 86' lang='lat' dir='ltr'><strong>generosior</strong></span> <span class='ocrx_word' id='word_1_105' title='bbox 776 1862 851 1926; x_wconf 85' lang='lat' dir='ltr'><strong>olea.</strong></span> <span class='ocrx_word' id='word_1_106' title='bbox 895 1862 1072 1948; x_wconf 88' lang='lat' dir='ltr'><strong>Conchylio&#39;</strong></span> <span class='ocrx_word' id='word_1_107' title='bbox 1097 1886 1168 1948; x_wconf 93' lang='lat' dir='ltr'><strong>quo·</strong></span> 
     </span>
     <span class='ocr_line' id='line_1_16' title="bbox 186 1961 837 2045; baseline 0.003 -21"><span class='ocrx_word' id='word_1_108' title='bbox 186 1974 287 2045; x_wconf 86' lang='lat' dir='ltr'><strong>quaet</strong></span> <span class='ocrx_word' id='word_1_109' title='bbox 301 1961 382 2045; x_wconf 89' lang='lat' dir='ltr'><strong>pisce</strong></span> <span class='ocrx_word' id='word_1_110' title='bbox 396 1961 486 2024; x_wconf 90' lang='lat' dir='ltr'><strong>nobili</strong></span> <span class='ocrx_word' id='word_1_111' title='bbox 500 1961 591 2025; x_wconf 90' lang='lat' dir='ltr'><strong>maria</strong></span> <span class='ocrx_word' id='word_1_112' title='bbox 604 1961 700 2025; x_wconf 87' lang='lat' dir='ltr'><strong>vicina</strong></span> <span class='ocrx_word' id='word_1_113' title='bbox 714 1977 837 2026; x_wconf 84' lang='lat' dir='ltr'><strong>scatent.</strong></span> 
     </span>
    </p>

    <p class='ocr_par' dir='ltr' id='par_1_6' title="bbox 184 2060 1166 2851">
     <span class='ocr_line' id='line_1_17' title="bbox 232 2060 1165 2128; baseline 0.004 -4"><span class='ocrx_word' id='word_1_114' title='bbox 232 2065 281 2126; x_wconf 91' lang='grc'><strong>19.</strong></span> <span class='ocrx_word' id='word_1_115' title='bbox 311 2060 471 2126; x_wconf 85' lang='lat' dir='ltr'><strong>Clarissimi</strong></span> <span class='ocrx_word' id='word_1_116' title='bbox 506 2083 607 2126; x_wconf 84' lang='lat' dir='ltr'><strong>amnes</strong></span> <span class='ocrx_word' id='word_1_117' title='bbox 642 2062 732 2126; x_wconf 75' lang='lat' dir='ltr'><strong>Italia</strong></span> <span class='ocrx_word' id='word_1_118' title='bbox 760 2078 828 2128; x_wconf 87' lang='lat' dir='ltr'><strong>sunt</strong></span> <span class='ocrx_word' id='word_1_119' title='bbox 855 2063 955 2128; x_wconf 85' lang='lat' dir='ltr'><strong>Padus</strong></span> <span class='ocrx_word' id='word_1_120' title='bbox 984 2077 1014 2126; x_wconf 91' lang='lat' dir='ltr'><strong>et</strong></span> <span class='ocrx_word' id='word_1_121' title='bbox 1041 2063 1165 2128; x_wconf 66' lang='lat' dir='ltr'><strong>Tiberis.</strong></span> 
     </span>
     <span class='ocr_line' id='line_1_18' title="bbox 186 2161 1166 2249; baseline 0.002 -23"><span class='ocrx_word' id='word_1_122' title='bbox 186 2161 228 2226; x_wconf 86' lang='lat' dir='ltr'><strong>Et</strong></span> <span class='ocrx_word' id='word_1_123' title='bbox 241 2162 341 2227; x_wconf 92' lang='lat' dir='ltr'><strong>Padus</strong></span> <span class='ocrx_word' id='word_1_124' title='bbox 356 2163 473 2247; x_wconf 90' lang='lat' dir='ltr'><strong>quidem</strong></span> <span class='ocrx_word' id='word_1_125' title='bbox 494 2163 524 2226; x_wconf 93' lang='lat' dir='ltr'><strong>in</strong></span> <span class='ocrx_word' id='word_1_126' title='bbox 545 2163 691 2248; x_wconf 82' lang='lat' dir='ltr'><strong>superiore</strong></span> <span class='ocrx_word' id='word_1_127' title='bbox 713 2178 805 2248; x_wconf 89' lang='lat' dir='ltr'><strong>parte,</strong></span> <span class='ocrx_word' id='word_1_128' title='bbox 820 2187 883 2249; x_wconf 87' lang='lat' dir='ltr'><strong>quae</strong></span> <span class='ocrx_word' id='word_1_129' title='bbox 900 2163 998 2228; x_wconf 89' lang='lat' dir='ltr'><strong>Gallia</strong></span> <span class='ocrx_word' id='word_1_130' title='bbox 1015 2163 1166 2249; x_wconf 88' lang='lat' dir='ltr'><strong>Cisalpina</strong></span> 
     </span>
     <span class='ocr_line' id='line_1_19' title="bbox 187 2262 1165 2349; baseline 0.002 -23"><span class='ocrx_word' id='word_1_131' title='bbox 187 2269 316 2340; x_wconf 64' lang='lat' dir='ltr'><strong>vocetur,</strong></span> <span class='ocrx_word' id='word_1_132' title='bbox 330 2264 368 2326; x_wconf 89' lang='lat' dir='ltr'><strong>ab</strong></span> <span class='ocrx_word' id='word_1_133' title='bbox 382 2262 445 2326; x_wconf 90' lang='lat' dir='ltr'><strong>imis</strong></span> <span class='ocrx_word' id='word_1_134' title='bbox 464 2263 609 2328; x_wconf 78' lang='lat' dir='ltr'><strong>radicibus</strong></span> <span class='ocrx_word' id='word_1_135' title='bbox 625 2262 727 2328; x_wconf 81' lang='lat' dir='ltr'><strong>Vesrili</strong></span> <span class='ocrx_word' id='word_1_136' title='bbox 748 2266 853 2330; x_wconf 89' lang='lat' dir='ltr'><strong>montis</strong></span> <span class='ocrx_word' id='word_1_137' title='bbox 875 2265 1021 2342; x_wconf 82' lang='lat' dir='ltr'><strong>exoritur;</strong></span> <span class='ocrx_word' id='word_1_138' title='bbox 1044 2266 1165 2349; x_wconf 87' lang='lat' dir='ltr'><strong>primbm</strong></span> 
     </span>
     <span class='ocr_line' id='line_1_20' title="bbox 185 2363 1166 2450; baseline 0.003 -23"><span class='ocrx_word' id='word_1_139' title='bbox 185 2363 277 2442; x_wconf 84' lang='lat' dir='ltr'><strong>exilis,</strong></span> <span class='ocrx_word' id='word_1_140' title='bbox 292 2365 397 2428; x_wconf 89' lang='lat' dir='ltr'><strong>deinde</strong></span> <span class='ocrx_word' id='word_1_141' title='bbox 411 2365 472 2428; x_wconf 90' lang='lat' dir='ltr'><strong>aliis</strong></span> <span class='ocrx_word' id='word_1_142' title='bbox 487 2365 621 2430; x_wconf 77' lang='lat' dir='ltr'><strong>carnibus</strong></span> <span class='ocrx_word' id='word_1_143' title='bbox 635 2365 675 2429; x_wconf 88' lang='lat' dir='ltr'><strong>ita</strong></span> <span class='ocrx_word' id='word_1_144' title='bbox 689 2367 784 2444; x_wconf 88' lang='lat' dir='ltr'><strong>alitur,</strong></span> <span class='ocrx_word' id='word_1_145' title='bbox 798 2380 830 2429; x_wconf 89' lang='lat' dir='ltr'><strong>ut</strong></span> <span class='ocrx_word' id='word_1_146' title='bbox 844 2389 876 2430; x_wconf 88' lang='lat' dir='ltr'><strong>se</strong></span> <span class='ocrx_word' id='word_1_147' title='bbox 897 2388 950 2450; x_wconf 92' lang='lat' dir='ltr'><strong>per</strong></span> <span class='ocrx_word' id='word_1_148' title='bbox 963 2380 1074 2450; x_wconf 92' lang='lat' dir='ltr'><strong>septem</strong></span> <span class='ocrx_word' id='word_1_149' title='bbox 1095 2367 1166 2430; x_wconf 88' lang='lat' dir='ltr'><strong>ostia</strong></span> 
     </span>
     <span class='ocr_line' id='line_1_21' title="bbox 186 2465 1165 2550; baseline 0.004 -25"><span class='ocrx_word' id='word_1_150' title='bbox 186 2467 215 2526; x_wconf 90' lang='lat' dir='ltr'><strong>in</strong></span> <span class='ocrx_word' id='word_1_151' title='bbox 243 2485 323 2526; x_wconf 87' lang='lat' dir='ltr'><strong>mare</strong></span> <span class='ocrx_word' id='word_1_152' title='bbox 351 2465 491 2528; x_wconf 85' lang='lat' dir='ltr'><strong>effundat.</strong></span> <span class='ocrx_word' id='word_1_153' title='bbox 535 2465 660 2542; x_wconf 67' lang='lat' dir='ltr'><strong>Tiberis,</strong></span> <span class='ocrx_word' id='word_1_154' title='bbox 687 2467 736 2549; x_wconf 92' lang='lat' dir='ltr'><strong>qui</strong></span> <span class='ocrx_word' id='word_1_155' title='bbox 764 2466 966 2550; x_wconf 89' lang='lat' dir='ltr'><strong>antiquissimis</strong></span> <span class='ocrx_word' id='word_1_156' title='bbox 991 2466 1165 2549; x_wconf 85' lang='lat' dir='ltr'><strong>temporibus</strong></span> 
     </span>
     <span class='ocr_line' id='line_1_22' title="bbox 186 2562 1165 2648; baseline 0.007 -24"><span class='ocrx_word' id='word_1_157' title='bbox 186 2562 301 2626; x_wconf 80' lang='lat' dir='ltr'><strong>Albrilae</strong></span> <span class='ocrx_word' id='word_1_158' title='bbox 316 2583 423 2624; x_wconf 90' lang='lat' dir='ltr'><strong>nomen</strong></span> <span class='ocrx_word' id='word_1_159' title='bbox 444 2566 581 2640; x_wconf 72' lang='lat' dir='ltr'><strong>habebat,</strong></span> <span class='ocrx_word' id='word_1_160' title='bbox 596 2587 635 2626; x_wconf 87' lang='lat' dir='ltr'><strong>ex</strong></span> <span class='ocrx_word' id='word_1_161' title='bbox 656 2566 816 2648; x_wconf 86' lang='lat' dir='ltr'><strong>Apennino</strong></span> <span class='ocrx_word' id='word_1_162' title='bbox 836 2567 926 2630; x_wconf 84' lang='lat' dir='ltr'><strong>oritur</strong></span> <span class='ocrx_word' id='word_1_163' title='bbox 937 2589 945 2644; x_wconf 92' lang='lat'>;</span> <span class='ocrx_word' id='word_1_164' title='bbox 968 2566 1071 2630; x_wconf 87' lang='lat' dir='ltr'><strong>deinde</strong></span> <span class='ocrx_word' id='word_1_165' title='bbox 1094 2568 1165 2631; x_wconf 81' lang='lat' dir='ltr'><strong>dub·</strong></span> 
     </span>
     <span class='ocr_line' id='line_1_23' title="bbox 185 2658 1164 2751; baseline 0.006 -27"><span class='ocrx_word' id='word_1_166' title='bbox 185 2659 239 2724; x_wconf 91' lang='lat' dir='ltr'><strong>bus</strong></span> <span class='ocrx_word' id='word_1_167' title='bbox 254 2675 284 2724; x_wconf 88' lang='lat' dir='ltr'><strong>et</strong></span> <span class='ocrx_word' id='word_1_168' title='bbox 305 2662 493 2746; x_wconf 84' lang='lat' dir='ltr'><strong>quadraginta</strong></span> <span class='ocrx_word' id='word_1_169' title='bbox 513 2658 678 2728; x_wconf 87' lang='lat' dir='ltr'><strong>fluminibus</strong></span> <span class='ocrx_word' id='word_1_170' title='bbox 700 2680 802 2730; x_wconf 90' lang='lat' dir='ltr'><strong>auctus</strong></span> <span class='ocrx_word' id='word_1_171' title='bbox 820 2667 851 2730; x_wconf 84' lang='lat' dir='ltr'><strong>fir</strong></span> <span class='ocrx_word' id='word_1_172' title='bbox 871 2667 1053 2751; x_wconf 82' lang='lat' dir='ltr'><strong>navigabilis.</strong></span> <span class='ocrx_word' id='word_1_173' title='bbox 1095 2668 1164 2730; x_wconf 91' lang='lat' dir='ltr'><strong>Plu·</strong></span> 
     </span>
     <span class='ocr_line' id='line_1_24' title="bbox 184 2761 1163 2851; baseline 0.006 -25"><span class='ocrx_word' id='word_1_174' title='bbox 184 2761 272 2826; x_wconf 89' lang='lat' dir='ltr'><strong>rimas</strong></span> <span class='ocrx_word' id='word_1_175' title='bbox 285 2763 315 2826; x_wconf 93' lang='lat' dir='ltr'><strong>in</strong></span> <span class='ocrx_word' id='word_1_176' title='bbox 329 2763 451 2847; x_wconf 68' lang='lat' dir='ltr'><strong>utrique</strong></span> <span class='ocrx_word' id='word_1_177' title='bbox 468 2764 532 2848; x_wconf 71' lang='lat' dir='ltr'><strong>ripis</strong></span> <span class='ocrx_word' id='word_1_178' title='bbox 553 2764 635 2828; x_wconf 86' lang='lat' dir='ltr'><strong>villas</strong></span> <span class='ocrx_word' id='word_1_179' title='bbox 657 2766 790 2850; x_wconf 88' lang='lat' dir='ltr'><strong>adspicit,</strong></span> <span class='ocrx_word' id='word_1_180' title='bbox 806 2767 950 2851; x_wconf 78' lang='lat' dir='ltr'><strong>praecipub</strong></span> <span class='ocrx_word' id='word_1_181' title='bbox 971 2783 1069 2832; x_wconf 86' lang='lat' dir='ltr'><strong>autern</strong></span> <span class='ocrx_word' id='word_1_182' title='bbox 1090 2768 1163 2832; x_wconf 91' lang='lat' dir='ltr'><strong>urbis</strong></span> 
     </span>
    </p>
   </div>
   <div class='ocr_carea' id='block_1_6' title="bbox 55 2856 1162 2952">
    <p class='ocr_par' dir='ltr' id='par_1_7' title="bbox 55 2856 1162 2952">
     <span class='ocr_line' id='line_1_25' title="bbox 55 2856 1162 2952; baseline 0.008 -29"><span class='ocrx_word' id='word_1_183' title='bbox 55 2923 60 2934; x_wconf 81' lang='grc'><em>,</em></span> <span class='ocrx_word' id='word_1_184' title='bbox 184 2860 329 2926; x_wconf 71' lang='lat' dir='ltr'><strong>Romana</strong></span> <span class='ocrx_word' id='word_1_185' title='bbox 343 2865 595 2946; x_wconf 83' lang='lat' dir='ltr'><strong>magnificentiam.</strong></span> <span class='ocrx_word' id='word_1_186' title='bbox 632 2856 856 2930; x_wconf 57' lang='lat' dir='ltr'><strong>ssPlacidissimus</strong></span> <span class='ocrx_word' id='word_1_187' title='bbox 871 2868 997 2932; x_wconf 89' lang='lat' dir='ltr'><strong>amnium</strong></span> <span class='ocrx_word' id='word_1_188' title='bbox 1013 2868 1077 2931; x_wconf 81' lang='lat' dir='ltr'><strong>rard</strong></span> <span class='ocrx_word' id='word_1_189' title='bbox 1090 2869 1162 2952; x_wconf 84' lang='lat' dir='ltr'><strong>ripas</strong></span> 
     </span>
    </p>
   </div>
   <div class='ocr_carea' id='block_1_7' title="bbox 184 2962 338 3044">
    <p class='ocr_par' dir='ltr' id='par_1_8' title="bbox 184 2962 338 3044">
     <span class='ocr_line' id='line_1_26' title="bbox 184 2962 338 3044; baseline 0.006 -21"><span class='ocrx_word' id='word_1_190' title='bbox 184 2962 338 3044; x_wconf 85' lang='lat' dir='ltr'><strong>egreditur.</strong></span> 
     </span>
    </p>
   </div>
   <div class='ocr_carea' id='block_1_8' title="bbox 227 3061 1294 3165">
    <p class='ocr_par' dir='ltr' id='par_1_9' title="bbox 227 3061 1294 3165">
     <span class='ocr_line' id='line_1_27' title="bbox 227 3061 1294 3165; baseline 0.008 -41"><span class='ocrx_word' id='word_1_191' title='bbox 227 3063 279 3124; x_wconf 77' lang='lat'><strong>20.</strong></span> <span class='ocrx_word' id='word_1_192' title='bbox 301 3061 337 3126; x_wconf 93' lang='lat' dir='ltr'><strong>In</strong></span> <span class='ocrx_word' id='word_1_193' title='bbox 351 3061 482 3127; x_wconf 79' lang='lat' dir='ltr'><strong>inferiore</strong></span> <span class='ocrx_word' id='word_1_194' title='bbox 503 3079 584 3148; x_wconf 88' lang='lat' dir='ltr'><strong>parte</strong></span> <span class='ocrx_word' id='word_1_195' title='bbox 599 3067 688 3130; x_wconf 85' lang='lat' dir='ltr'><strong>ltaliae</strong></span> <span class='ocrx_word' id='word_1_196' title='bbox 703 3068 781 3131; x_wconf 88' lang='lat' dir='ltr'><strong>clara</strong></span> <span class='ocrx_word' id='word_1_197' title='bbox 803 3070 949 3152; x_wconf 85' lang='lat' dir='ltr'><strong>quondam</strong></span> <span class='ocrx_word' id='word_1_198' title='bbox 970 3071 1037 3132; x_wconf 89' lang='lat' dir='ltr'><strong>urbs</strong></span> <span class='ocrx_word' id='word_1_199' title='bbox 1052 3069 1162 3132; x_wconf 89' lang='lat' dir='ltr'><strong>Taren-</strong></span> <span class='ocrx_word' id='word_1_200' title='bbox 1291 3111 1294 3165; x_wconf 60' lang='lat'>3</span> 
     </span>
    </p>
   </div>
   <div class='ocr_carea' id='block_1_9' title="bbox 182 3163 1161 3455">
    <p class='ocr_par' dir='ltr' id='par_1_10' title="bbox 182 3163 1161 3455">
     <span class='ocr_line' id='line_1_28' title="bbox 183 3163 1161 3252; baseline 0.005 -25"><span class='ocrx_word' id='word_1_201' title='bbox 183 3177 255 3241; x_wconf 87' lang='lat' dir='ltr'><strong>tum,</strong></span> <span class='ocrx_word' id='word_1_202' title='bbox 287 3185 350 3248; x_wconf 77' lang='lat' dir='ltr'><strong>qua</strong></span> <span class='ocrx_word' id='word_1_203' title='bbox 379 3163 464 3227; x_wconf 91' lang='lat' dir='ltr'><strong>maris</strong></span> <span class='ocrx_word' id='word_1_204' title='bbox 492 3166 575 3244; x_wconf 91' lang='lat' dir='ltr'><strong>sinui,</strong></span> <span class='ocrx_word' id='word_1_205' title='bbox 604 3167 652 3230; x_wconf 89' lang='lat' dir='ltr'><strong>cui</strong></span> <span class='ocrx_word' id='word_1_206' title='bbox 680 3168 803 3252; x_wconf 73' lang='lat' dir='ltr'><strong>adjicet,</strong></span> <span class='ocrx_word' id='word_1_207' title='bbox 829 3191 933 3232; x_wconf 87' lang='lat' dir='ltr'><strong>nomen</strong></span> <span class='ocrx_word' id='word_1_208' title='bbox 965 3170 1053 3232; x_wconf 88' lang='lat' dir='ltr'><strong>dedit.</strong></span> <span class='ocrx_word' id='word_1_209' title='bbox 1104 3169 1161 3232; x_wconf 90' lang='lat' dir='ltr'><strong>Soli</strong></span> 
     </span>
     <span class='ocr_line' id='line_1_29' title="bbox 183 3261 1160 3350; baseline 0.007 -25"><span class='ocrx_word' id='word_1_210' title='bbox 183 3261 312 3328; x_wconf 82' lang='lat' dir='ltr'><strong>fertilitas</strong></span> <span class='ocrx_word' id='word_1_211' title='bbox 326 3264 453 3348; x_wconf 86' lang='lat' dir='ltr'><strong>coelique</strong></span> <span class='ocrx_word' id='word_1_212' title='bbox 468 3264 600 3349; x_wconf 90' lang='lat' dir='ltr'><strong>jucunda</strong></span> <span class='ocrx_word' id='word_1_213' title='bbox 613 3267 766 3350; x_wconf 75' lang='lat' dir='ltr'><strong>temperies</strong></span> <span class='ocrx_word' id='word_1_214' title='bbox 780 3267 808 3330; x_wconf 90' lang='lat' dir='ltr'><strong>in</strong></span> <span class='ocrx_word' id='word_1_215' title='bbox 831 3270 921 3332; x_wconf 75' lang='lat' dir='ltr'><strong>causi</strong></span> <span class='ocrx_word' id='word_1_216' title='bbox 935 3269 1020 3332; x_wconf 82' lang='lat' dir='ltr'><strong>luisse</strong></span> <span class='ocrx_word' id='word_1_217' title='bbox 1042 3269 1160 3347; x_wconf 70' lang='lat' dir='ltr'><strong>videtur,</strong></span> 
     </span>
     <span class='ocr_line' id='line_1_30' title="bbox 182 3363 1161 3455; baseline 0.011 -33"><span class='ocrx_word' id='word_1_218' title='bbox 182 3375 216 3423; x_wconf 93' lang='lat' dir='ltr'><strong>ut</strong></span> <span class='ocrx_word' id='word_1_219' title='bbox 246 3363 348 3429; x_wconf 79' lang='lat' dir='ltr'><strong>inoblae</strong></span> <span class='ocrx_word' id='word_1_220' title='bbox 379 3365 494 3428; x_wconf 68' lang='lat' dir='ltr'><strong>luxurii</strong></span> <span class='ocrx_word' id='word_1_221' title='bbox 525 3380 554 3428; x_wconf 88' lang='lat' dir='ltr'><strong>et</strong></span> <span class='ocrx_word' id='word_1_222' title='bbox 587 3367 694 3430; x_wconf 87' lang='lat' dir='ltr'><strong>deliciis</strong></span> <span class='ocrx_word' id='word_1_223' title='bbox 723 3383 937 3432; x_wconf 86' lang='lat' dir='ltr'><strong>enervarentur.</strong></span> <span class='ocrx_word' id='word_1_224' title='bbox 984 3369 1161 3455; x_wconf 63' lang='lat' dir='ltr'><strong>Quumque!</strong></span> 
     </span>
    </p>
   </div>
   <div class='ocr_carea' id='block_1_10' title="bbox 245 3554 1091 3716">
    <p class='ocr_par' dir='ltr' id='par_1_11' title="bbox 245 3554 1091 3716">
     <span class='ocr_line' id='line_1_31' title="bbox 246 3554 1053 3628; baseline 0.014 -11"><span class='ocrx_word' id='word_1_225' title='bbox 246 3554 391 3617; x_wconf 57' lang='lat' dir='ltr'><strong>&#39;lw-</strong></span> <span class='ocrx_word' id='word_1_226' title='bbox 570 3559 676 3622; x_wconf 61' lang='lat'>‘5224</span> <span class='ocrx_word' id='word_1_227' title='bbox 886 3563 1053 3628; x_wconf 55' lang='lat' dir='ltr'><strong>&#39;ww-l</strong></span> 
     </span>
     <span class='ocr_line' id='line_1_32' title="bbox 245 3630 1091 3716; baseline 0.012 -37"><span class='ocrx_word' id='word_1_228' title='bbox 245 3630 434 3694; x_wconf 54' lang='lat' dir='ltr'><strong>ussum.</strong></span> <span class='ocrx_word' id='word_1_229' title='bbox 568 3635 752 3716; x_wconf 60' lang='lat' dir='ltr'><strong>assessi.</strong></span> <span class='ocrx_word' id='word_1_230' title='bbox 883 3640 1091 3704; x_wconf 57' lang='lat' dir='ltr'><strong>irrosus]</strong></span> 
     </span>
    </p>
   </div>
   <div class='ocr_carea' id='block_1_11' title="bbox 0 0 1332 4304">
    <p class='ocr_par' dir='ltr' id='par_1_12' title="bbox 0 0 1332 4304">
     <span class='ocr_line' id='line_1_33' title="bbox 0 0 1332 4304; baseline 0 2"><span class='ocrx_word' id='word_1_231' title='bbox 0 0 1332 4304; x_wconf 95' lang='lat' dir='ltr'><strong> </strong></span> 
     </span>
    </p>
   </div>
  </div>
 </body>
</html>
