<?xml version="1.0" encoding="UTF-8"?>
<!DOCTYPE html PUBLIC "-//W3C//DTD XHTML 1.0 Transitional//EN"
    "http://www.w3.org/TR/xhtml1/DTD/xhtml1-transitional.dtd">
<html xmlns="http://www.w3.org/1999/xhtml" xml:lang="en" lang="en">
 <head>
  <title>
</title>
<meta http-equiv="Content-Type" content="text/html;charset=utf-8" />
  <meta name='ocr-system' content='tesseract 3.04.00' />
  <meta name='ocr-capabilities' content='ocr_page ocr_carea ocr_par ocr_line ocrx_word'/>
</head>
<body>
  <div class='ocr_page' id='page_1' title='image "./firstpartjacobs00brewgoog_0120.png"; bbox 0 0 2656 4304; ppageno 0'>
   <div class='ocr_carea' id='block_1_1' title="bbox 462 361 1158 438">
    <p class='ocr_par' dir='ltr' id='par_1_1' title="bbox 462 361 1158 438">
     <span class='ocr_line' id='line_1_1' title="bbox 462 361 1158 438; baseline 0.011 -16"><span class='ocrx_word' id='word_1_1' title='bbox 462 380 597 438; x_wconf 74' lang='lat' dir='ltr'>namque</span> <span class='ocrx_word' id='word_1_2' title='bbox 620 381 658 423; x_wconf 78' lang='lat' dir='ltr'>or</span> <span class='ocrx_word' id='word_1_3' title='bbox 682 379 865 435; x_wconf 69' lang='lat' dir='ltr'>annaeum.</span> <span class='ocrx_word' id='word_1_4' title='bbox 1096 361 1158 430; x_wconf 78' lang='lat' dir='ltr'>lus</span> 
     </span>
    </p>
   </div>
   <div class='ocr_carea' id='block_1_2' title="bbox 172 526 1229 1612">
    <p class='ocr_par' dir='ltr' id='par_1_2' title="bbox 172 526 1229 819">
     <span class='ocr_line' id='line_1_2' title="bbox 172 526 1229 612; baseline 0.006 -22"><span class='ocrx_word' id='word_1_5' title='bbox 172 527 255 590; x_wconf 89' lang='lat' dir='ltr'>nium</span> <span class='ocrx_word' id='word_1_6' title='bbox 283 526 408 612; x_wconf 76' lang='lat' dir='ltr'>Europe</span> <span class='ocrx_word' id='word_1_7' title='bbox 436 527 590 592; x_wconf 86' lang='lat' dir='ltr'>fluminum</span> <span class='ocrx_word' id='word_1_8' title='bbox 617 530 775 606; x_wconf 84' lang='lat' dir='ltr'>maximus,</span> <span class='ocrx_word' id='word_1_9' title='bbox 801 530 880 612; x_wconf 84' lang='lat' dir='ltr'>apud</span> <span class='ocrx_word' id='word_1_10' title='bbox 909 528 1030 592; x_wconf 82' lang='lat' dir='ltr'>Rhetos</span> <span class='ocrx_word' id='word_1_11' title='bbox 1057 531 1157 610; x_wconf 76' lang='lat' dir='ltr'>orittu,</span> <span class='ocrx_word' id='word_1_12' title='bbox 1225 545 1229 552; x_wconf 86' lang='lat'>&#39;</span> 
     </span>
     <span class='ocr_line' id='line_1_3' title="bbox 175 627 1158 713; baseline 0.008 -25"><span class='ocrx_word' id='word_1_13' title='bbox 175 627 309 711; x_wconf 82' lang='lat' dir='ltr'>flexoque</span> <span class='ocrx_word' id='word_1_14' title='bbox 324 629 361 690; x_wconf 89' lang='lat' dir='ltr'>ad</span> <span class='ocrx_word' id='word_1_15' title='bbox 382 644 476 692; x_wconf 86' lang='lat' dir='ltr'>ortum</span> <span class='ocrx_word' id='word_1_16' title='bbox 490 630 556 694; x_wconf 89' lang='lat' dir='ltr'>solis</span> <span class='ocrx_word' id='word_1_17' title='bbox 577 651 674 706; x_wconf 84' lang='lat' dir='ltr'>cursu,</span> <span class='ocrx_word' id='word_1_18' title='bbox 690 631 871 713; x_wconf 80' lang='lat' dir='ltr'>receptisque</span> <span class='ocrx_word' id='word_1_19' title='bbox 894 631 1043 711; x_wconf 83' lang='lat' dir='ltr'>sexaginta</span> <span class='ocrx_word' id='word_1_20' title='bbox 1064 633 1158 696; x_wconf 88' lang='lat' dir='ltr'>amni·</span> 
     </span>
     <span class='ocr_line' id='line_1_4' title="bbox 174 715 1097 819; baseline 0.002 -29"><span class='ocrx_word' id='word_1_21' title='bbox 174 728 238 803; x_wconf 92' lang='lat' dir='ltr'>bus,</span> <span class='ocrx_word' id='word_1_22' title='bbox 253 728 282 790; x_wconf 92' lang='lat' dir='ltr'>iu</span> <span class='ocrx_word' id='word_1_23' title='bbox 298 728 425 792; x_wconf 87' lang='lat' dir='ltr'><strong>Pontum</strong></span> <span class='ocrx_word' id='word_1_24' title='bbox 440 730 593 792; x_wconf 85' lang='lat' dir='ltr'>Euxinum</span> <span class='ocrx_word' id='word_1_25' title='bbox 607 751 661 792; x_wconf 83' lang='lat' dir='ltr'>sex</span> <span class='ocrx_word' id='word_1_26' title='bbox 675 730 765 792; x_wconf 86' lang='lat' dir='ltr'>vastis</span> <span class='ocrx_word' id='word_1_27' title='bbox 779 731 855 793; x_wconf 86' lang='lat' dir='ltr'>ostiis</span> <span class='ocrx_word' id='word_1_28' title='bbox 870 730 1036 792; x_wconf 88' lang='lat' dir='ltr'>effunditur.</span> <span class='ocrx_word' id='word_1_29' title='bbox 1049 715 1097 819; x_wconf 51' lang='lat' dir='ltr'>l&#39;</span> 
     </span>
    </p>

    <p class='ocr_par' dir='ltr' id='par_1_3' title="bbox 172 829 1159 1612">
     <span class='ocr_line' id='line_1_5' title="bbox 219 829 1158 914; baseline 0.004 -24"><span class='ocrx_word' id='word_1_30' title='bbox 219 831 269 890; x_wconf 86' lang='grc'><strong>14.</strong></span> <span class='ocrx_word' id='word_1_31' title='bbox 293 829 477 893; x_wconf 84' lang='lat' dir='ltr'>Britanniam</span> <span class='ocrx_word' id='word_1_32' title='bbox 503 829 626 894; x_wconf 83' lang='lat' dir='ltr'>insirlam</span> <span class='ocrx_word' id='word_1_33' title='bbox 647 830 839 894; x_wconf 86' lang='lat' dir='ltr'>Phoenicrbus</span> <span class='ocrx_word' id='word_1_34' title='bbox 860 829 1025 906; x_wconf 84' lang='lat' dir='ltr'>innotuisse,</span> <span class='ocrx_word' id='word_1_35' title='bbox 1050 849 1158 914; x_wconf 85' lang='lat' dir='ltr'>eosque</span> 
     </span>
     <span class='ocr_line' id='line_1_6' title="bbox 172 929 1158 1014; baseline 0.004 -24"><span class='ocrx_word' id='word_1_36' title='bbox 172 941 307 991; x_wconf 83' lang='lat' dir='ltr'>stannum</span> <span class='ocrx_word' id='word_1_37' title='bbox 330 929 398 992; x_wconf 89' lang='lat' dir='ltr'>inde</span> <span class='ocrx_word' id='word_1_38' title='bbox 423 945 454 992; x_wconf 86' lang='lat' dir='ltr'>et</span> <span class='ocrx_word' id='word_1_39' title='bbox 481 931 632 1013; x_wconf 86' lang='lat' dir='ltr'>plumbum</span> <span class='ocrx_word' id='word_1_40' title='bbox 660 931 809 1014; x_wconf 89' lang='lat' dir='ltr'>pellesque</span> <span class='ocrx_word' id='word_1_41' title='bbox 837 929 982 1012; x_wconf 84' lang='lat' dir='ltr'>petivisse,</span> <span class='ocrx_word' id='word_1_42' title='bbox 1008 930 1158 1011; x_wconf 83' lang='lat' dir='ltr'>probabile</span> 
     </span>
     <span class='ocr_line' id='line_1_7' title="bbox 174 1028 1159 1113; baseline 0.003 -23"><span class='ocrx_word' id='word_1_43' title='bbox 174 1043 227 1090; x_wconf 74' lang='lat' dir='ltr'>ert.</span> <span class='ocrx_word' id='word_1_44' title='bbox 272 1029 417 1094; x_wconf 73' lang='lat' dir='ltr'>Romanis</span> <span class='ocrx_word' id='word_1_45' title='bbox 442 1053 508 1093; x_wconf 89' lang='lat' dir='ltr'>eam</span> <span class='ocrx_word' id='word_1_46' title='bbox 528 1031 622 1094; x_wconf 85' lang='lat' dir='ltr'>Julius</span> <span class='ocrx_word' id='word_1_47' title='bbox 648 1030 748 1093; x_wconf 82' lang='lat' dir='ltr'>Caesar</span> <span class='ocrx_word' id='word_1_48' title='bbox 772 1031 880 1113; x_wconf 90' lang='lat' dir='ltr'>primus</span> <span class='ocrx_word' id='word_1_49' title='bbox 906 1028 1039 1112; x_wconf 89' lang='lat' dir='ltr'>aperuit;</span> <span class='ocrx_word' id='word_1_50' title='bbox 1064 1049 1159 1113; x_wconf 88' lang='lat' dir='ltr'>neque</span> 
     </span>
     <span class='ocr_line' id='line_1_8' title="bbox 175 1128 1158 1215; baseline 0.003 -25"><span class='ocrx_word' id='word_1_51' title='bbox 175 1143 273 1190; x_wconf 73' lang='lat' dir='ltr'>tamn</span> <span class='ocrx_word' id='word_1_52' title='bbox 290 1131 366 1213; x_wconf 83' lang='lat' dir='ltr'>priris</span> <span class='ocrx_word' id='word_1_53' title='bbox 379 1132 498 1212; x_wconf 85' lang='lat' dir='ltr'>cognita</span> <span class='ocrx_word' id='word_1_54' title='bbox 519 1153 582 1195; x_wconf 84' lang='lat' dir='ltr'>esse</span> <span class='ocrx_word' id='word_1_55' title='bbox 602 1132 693 1215; x_wconf 88' lang='lat' dir='ltr'>coepit</span> <span class='ocrx_word' id='word_1_56' title='bbox 714 1132 802 1214; x_wconf 71' lang='lat' dir='ltr'>quam</span> <span class='ocrx_word' id='word_1_57' title='bbox 824 1128 966 1192; x_wconf 78' lang='lat' dir='ltr'>Claudio‘</span> <span class='ocrx_word' id='word_1_58' title='bbox 989 1129 1158 1212; x_wconf 77' lang='lat' dir='ltr'>imperante.</span> 
     </span>
     <span class='ocr_line' id='line_1_9' title="bbox 176 1227 1159 1308; baseline 0.002 -18"><span class='ocrx_word' id='word_1_59' title='bbox 176 1227 343 1294; x_wconf 73' lang='lat' dir='ltr'>Hadrianus</span> <span class='ocrx_word' id='word_1_60' title='bbox 368 1251 443 1308; x_wconf 85' lang='lat' dir='ltr'>eam,</span> <span class='ocrx_word' id='word_1_61' title='bbox 465 1253 546 1295; x_wconf 84' lang='lat' dir='ltr'>mum</span> <span class='ocrx_word' id='word_1_62' title='bbox 568 1233 605 1294; x_wconf 92' lang='lat' dir='ltr'>ab</span> <span class='ocrx_word' id='word_1_63' title='bbox 628 1231 739 1294; x_wconf 68' lang='lat' dir='ltr'>oceano</span> <span class='ocrx_word' id='word_1_64' title='bbox 760 1229 940 1292; x_wconf 86' lang='lat' dir='ltr'>Gennanico</span> <span class='ocrx_word' id='word_1_65' title='bbox 961 1229 999 1293; x_wconf 87' lang='lat' dir='ltr'>ad</span> <span class='ocrx_word' id='word_1_66' title='bbox 1023 1228 1159 1292; x_wconf 89' lang='lat' dir='ltr'>Hibemi·</span> 
     </span>
     <span class='ocr_line' id='line_1_10' title="bbox 173 1327 1159 1415; baseline -0.003 -21"><span class='ocrx_word' id='word_1_67' title='bbox 173 1352 245 1394; x_wconf 84' lang='lat' dir='ltr'>cum</span> <span class='ocrx_word' id='word_1_68' title='bbox 267 1353 347 1394; x_wconf 85' lang='lat' dir='ltr'>mare</span> <span class='ocrx_word' id='word_1_69' title='bbox 368 1333 465 1408; x_wconf 85' lang='lat' dir='ltr'>duero,</span> <span class='ocrx_word' id='word_1_70' title='bbox 487 1332 516 1394; x_wconf 94' lang='lat' dir='ltr'>in</span> <span class='ocrx_word' id='word_1_71' title='bbox 538 1331 610 1394; x_wconf 87' lang='lat' dir='ltr'>duas</span> <span class='ocrx_word' id='word_1_72' title='bbox 634 1346 729 1415; x_wconf 81' lang='lat' dir='ltr'>partes</span> <span class='ocrx_word' id='word_1_73' title='bbox 751 1331 856 1406; x_wconf 85' lang='lat' dir='ltr'>divisit,</span> <span class='ocrx_word' id='word_1_74' title='bbox 877 1343 911 1390; x_wconf 87' lang='lat' dir='ltr'>ut</span> <span class='ocrx_word' id='word_1_75' title='bbox 932 1327 1092 1392; x_wconf 81' lang='lat' dir='ltr'>inferiorern</span> <span class='ocrx_word' id='word_1_76' title='bbox 1115 1329 1159 1391; x_wconf 90' lang='lat' dir='ltr'>in·</span> 
     </span>
     <span class='ocr_line' id='line_1_11' title="bbox 177 1429 1159 1514; baseline 0.002 -23"><span class='ocrx_word' id='word_1_77' title='bbox 177 1431 244 1492; x_wconf 77' lang='lat' dir='ltr'>sblae</span> <span class='ocrx_word' id='word_1_78' title='bbox 262 1446 461 1514; x_wconf 70' lang='lat' dir='ltr'>partemque</span> <span class='ocrx_word' id='word_1_79' title='bbox 476 1431 620 1494; x_wconf 67' lang='lat' dir='ltr'>Romanis</span> <span class='ocrx_word' id='word_1_80' title='bbox 642 1432 774 1513; x_wconf 73' lang='lat' dir='ltr'>parebat,</span> <span class='ocrx_word' id='word_1_81' title='bbox 789 1452 807 1492; x_wconf 88' lang='lat' dir='ltr'>a</span> <span class='ocrx_word' id='word_1_82' title='bbox 827 1431 1013 1492; x_wconf 80' lang='lat' dir='ltr'>barbarbrum</span> <span class='ocrx_word' id='word_1_83' title='bbox 1036 1429 1159 1512; x_wconf 72' lang='lat' dir='ltr'>populo-</span> 
     </span>
     <span class='ocr_line' id='line_1_12' title="bbox 179 1529 1037 1612; baseline 0 -22"><span class='ocrx_word' id='word_1_84' title='bbox 179 1549 252 1604; x_wconf 85' lang='lat' dir='ltr'>rum,</span> <span class='ocrx_word' id='word_1_85' title='bbox 267 1531 358 1612; x_wconf 90' lang='lat' dir='ltr'>quiin</span> <span class='ocrx_word' id='word_1_86' title='bbox 372 1531 472 1592; x_wconf 79' lang='lat' dir='ltr'>Scotial</span> <span class='ocrx_word' id='word_1_87' title='bbox 484 1531 664 1605; x_wconf 69' lang='lat' dir='ltr'>habitabant,</span> <span class='ocrx_word' id='word_1_88' title='bbox 678 1529 886 1592; x_wconf 80' lang='lat' dir='ltr'>incursionibus</span> <span class='ocrx_word' id='word_1_89' title='bbox 901 1533 1037 1591; x_wconf 72' lang='lat' dir='ltr'>tueretur.</span> 
     </span>
    </p>
   </div>
   <div class='ocr_carea' id='block_1_3' title="bbox 71 1625 1160 2113">
    <p class='ocr_par' dir='ltr' id='par_1_4' title="bbox 71 1625 1160 2113">
     <span class='ocr_line' id='line_1_13' title="bbox 233 1625 1160 1712; baseline 0.004 -22"><span class='ocrx_word' id='word_1_90' title='bbox 233 1633 282 1690; x_wconf 86' lang='lat'>15.</span> <span class='ocrx_word' id='word_1_91' title='bbox 314 1628 450 1691; x_wconf 83' lang='lat' dir='ltr'>Maxima</span> <span class='ocrx_word' id='word_1_92' title='bbox 478 1629 576 1692; x_wconf 76' lang='lat' dir='ltr'>insulae</span> <span class='ocrx_word' id='word_1_93' title='bbox 605 1650 670 1712; x_wconf 91' lang='lat' dir='ltr'>pars</span> <span class='ocrx_word' id='word_1_94' title='bbox 695 1629 872 1712; x_wconf 66' lang='lat' dir='ltr'>campestris</span> <span class='ocrx_word' id='word_1_95' title='bbox 901 1630 1024 1692; x_wconf 88' lang='lat' dir='ltr'>collibus</span> <span class='ocrx_word' id='word_1_96' title='bbox 1053 1625 1160 1712; x_wconf 84' lang='lat' dir='ltr'>passim</span> 
     </span>
     <span class='ocr_line' id='line_1_14' title="bbox 177 1728 1159 1813; baseline 0.005 -24"><span class='ocrx_word' id='word_1_97' title='bbox 177 1728 314 1810; x_wconf 74' lang='lat' dir='ltr'>silvisque</span> <span class='ocrx_word' id='word_1_98' title='bbox 342 1729 486 1792; x_wconf 85' lang='lat' dir='ltr'>distincta.</span> <span class='ocrx_word' id='word_1_99' title='bbox 529 1729 636 1793; x_wconf 74' lang='lat' dir='ltr'>lncblae</span> <span class='ocrx_word' id='word_1_100' title='bbox 666 1729 768 1792; x_wconf 87' lang='lat' dir='ltr'>Gallos</span> <span class='ocrx_word' id='word_1_101' title='bbox 797 1729 978 1812; x_wconf 70' lang='lat' dir='ltr'>pmceritate⁵</span> <span class='ocrx_word' id='word_1_102' title='bbox 1004 1731 1159 1813; x_wconf 76' lang='lat' dir='ltr'>corpbrum</span> 
     </span>
     <span class='ocr_line' id='line_1_15' title="bbox 177 1827 1158 1913; baseline 0.003 -23"><span class='ocrx_word' id='word_1_103' title='bbox 177 1827 305 1903; x_wconf 88' lang='lat' dir='ltr'>vincunt,</span> <span class='ocrx_word' id='word_1_104' title='bbox 320 1829 449 1891; x_wconf 70' lang='lat' dir='ltr'>ceterum</span> <span class='ocrx_word' id='word_1_105' title='bbox 464 1828 596 1910; x_wconf 69' lang='lat' dir='ltr'>ingenio*</span> <span class='ocrx_word' id='word_1_106' title='bbox 620 1827 713 1892; x_wconf 90' lang='lat' dir='ltr'>Gallis</span> <span class='ocrx_word' id='word_1_107' title='bbox 728 1829 845 1906; x_wconf 77' lang='lat' dir='ltr'>similes,</span> <span class='ocrx_word' id='word_1_108' title='bbox 859 1829 1045 1913; x_wconf 78' lang='lat' dir='ltr'>simpliciores</span> <span class='ocrx_word' id='word_1_109' title='bbox 1060 1845 1158 1893; x_wconf 82' lang='lat' dir='ltr'>temen</span> 
     </span>
     <span class='ocr_line' id='line_1_16' title="bbox 177 1927 1158 2011; baseline 0.004 -23"><span class='ocrx_word' id='word_1_110' title='bbox 177 1927 241 1988; x_wconf 82' lang='lat' dir='ltr'>illis‘</span> <span class='ocrx_word' id='word_1_111' title='bbox 271 1928 421 2010; x_wconf 87' lang='lat' dir='ltr'>magisque</span> <span class='ocrx_word' id='word_1_112' title='bbox 448 1929 571 1992; x_wconf 68' lang='lat' dir='ltr'>barbari.</span> <span class='ocrx_word' id='word_1_113' title='bbox 626 1928 757 1994; x_wconf 73' lang='lat' dir='ltr'>Nemora</span> <span class='ocrx_word' id='word_1_114' title='bbox 784 1930 917 1992; x_wconf 83' lang='lat' dir='ltr'>habitant</span> <span class='ocrx_word' id='word_1_115' title='bbox 949 1951 1002 2011; x_wconf 86' lang='lat' dir='ltr'>pro</span> <span class='ocrx_word' id='word_1_116' title='bbox 1029 1932 1158 1994; x_wconf 81' lang='lat' dir='ltr'>urbibus.</span> 
     </span>
     <span class='ocr_line' id='line_1_17' title="bbox 71 2025 1160 2113; baseline 0.008 -31"><span class='ocrx_word' id='word_1_117' title='bbox 71 2071 78 2082; x_wconf 93' lang='grc'><strong>.</strong></span> <span class='ocrx_word' id='word_1_118' title='bbox 178 2025 223 2087; x_wconf 91' lang='lat' dir='ltr'>lbi</span> <span class='ocrx_word' id='word_1_119' title='bbox 244 2028 355 2107; x_wconf 79' lang='lat' dir='ltr'>trigoria</span> <span class='ocrx_word' id='word_1_120' title='bbox 377 2041 528 2090; x_wconf 88' lang='lat' dir='ltr'>exstruunt</span> <span class='ocrx_word' id='word_1_121' title='bbox 548 2042 579 2090; x_wconf 87' lang='lat' dir='ltr'>et</span> <span class='ocrx_word' id='word_1_122' title='bbox 599 2029 713 2092; x_wconf 72' lang='lat' dir='ltr'>stabbla</span> <span class='ocrx_word' id='word_1_123' title='bbox 734 2029 910 2113; x_wconf 73' lang='lat' dir='ltr'>peebri,serl</span> <span class='ocrx_word' id='word_1_124' title='bbox 932 2027 1101 2110; x_wconf 79' lang='lat' dir='ltr'>plerumque</span> <span class='ocrx_word' id='word_1_125' title='bbox 1122 2029 1160 2091; x_wconf 84' lang='lat' dir='ltr'>ad</span> 
     </span>
    </p>
   </div>
   <div class='ocr_carea' id='block_1_4' title="bbox 177 2125 1162 3314">
    <p class='ocr_par' dir='ltr' id='par_1_5' title="bbox 177 2125 1162 2508">
     <span class='ocr_line' id='line_1_18' title="bbox 179 2125 1161 2210; baseline 0.004 -22"><span class='ocrx_word' id='word_1_126' title='bbox 179 2125 267 2188; x_wconf 86' lang='lat' dir='ltr'>breve</span> <span class='ocrx_word' id='word_1_127' title='bbox 294 2139 420 2207; x_wconf 79' lang='lat' dir='ltr'>tempus.</span> <span class='ocrx_word' id='word_1_128' title='bbox 464 2127 655 2190; x_wconf 70' lang='lat' dir='ltr'>Humanitate</span> <span class='ocrx_word' id='word_1_129' title='bbox 675 2130 778 2190; x_wconf 71' lang='lat' dir='ltr'>ceteris</span> <span class='ocrx_word' id='word_1_130' title='bbox 801 2142 936 2209; x_wconf 81' lang='lat' dir='ltr'>praestant</span> <span class='ocrx_word' id='word_1_131' title='bbox 957 2128 986 2204; x_wconf 92' lang='lat' dir='ltr'>ii,</span> <span class='ocrx_word' id='word_1_132' title='bbox 1009 2128 1058 2210; x_wconf 92' lang='lat' dir='ltr'>qui</span> <span class='ocrx_word' id='word_1_133' title='bbox 1079 2127 1161 2192; x_wconf 84' lang='lat' dir='ltr'>Can-</span> 
     </span>
     <span class='ocr_line' id='line_1_19' title="bbox 179 2224 1161 2307; baseline 0.002 -19"><span class='ocrx_word' id='word_1_134' title='bbox 179 2225 251 2288; x_wconf 90' lang='lat' dir='ltr'>tium</span> <span class='ocrx_word' id='word_1_135' title='bbox 277 2225 416 2288; x_wconf 75' lang='lat' dir='ltr'>incolunt.</span> <span class='ocrx_word' id='word_1_136' title='bbox 459 2224 540 2287; x_wconf 88' lang='lat' dir='ltr'>Tota</span> <span class='ocrx_word' id='word_1_137' title='bbox 564 2226 627 2288; x_wconf 73' lang='lat' dir='ltr'>heo</span> <span class='ocrx_word' id='word_1_138' title='bbox 651 2227 730 2307; x_wconf 82' lang='lat' dir='ltr'>regio</span> <span class='ocrx_word' id='word_1_139' title='bbox 758 2239 803 2288; x_wconf 80' lang='lat' dir='ltr'>est</span> <span class='ocrx_word' id='word_1_140' title='bbox 830 2226 983 2287; x_wconf 85' lang='lat' dir='ltr'>maritima.</span> <span class='ocrx_word' id='word_1_141' title='bbox 1027 2227 1090 2299; x_wconf 82' lang='lat' dir='ltr'>Qui</span> <span class='ocrx_word' id='word_1_142' title='bbox 1117 2227 1161 2290; x_wconf 89' lang='lat' dir='ltr'>in·</span> 
     </span>
     <span class='ocr_line' id='line_1_20' title="bbox 179 2323 1162 2408; baseline 0.001 -20"><span class='ocrx_word' id='word_1_143' title='bbox 179 2325 312 2388; x_wconf 77' lang='lat' dir='ltr'>tenorem</span> <span class='ocrx_word' id='word_1_144' title='bbox 326 2324 425 2388; x_wconf 76' lang='lat' dir='ltr'>instilae</span> <span class='ocrx_word' id='word_1_145' title='bbox 440 2339 553 2408; x_wconf 88' lang='lat' dir='ltr'>partem</span> <span class='ocrx_word' id='word_1_146' title='bbox 566 2323 709 2400; x_wconf 88' lang='lat' dir='ltr'>habitant,</span> <span class='ocrx_word' id='word_1_147' title='bbox 724 2325 866 2387; x_wconf 81' lang='lat' dir='ltr'>frumenta</span> <span class='ocrx_word' id='word_1_148' title='bbox 883 2345 942 2386; x_wconf 94' lang='lat' dir='ltr'>non</span> <span class='ocrx_word' id='word_1_149' title='bbox 963 2338 1080 2402; x_wconf 83' lang='lat' dir='ltr'>serunt3</span> <span class='ocrx_word' id='word_1_150' title='bbox 1101 2325 1162 2390; x_wconf 80' lang='lat' dir='ltr'>lae·</span> 
     </span>
     <span class='ocr_line' id='line_1_21' title="bbox 177 2423 1138 2508; baseline 0 -20"><span class='ocrx_word' id='word_1_151' title='bbox 177 2425 222 2488; x_wconf 78' lang='lat' dir='ltr'>te‘l</span> <span class='ocrx_word' id='word_1_152' title='bbox 244 2438 274 2488; x_wconf 88' lang='lat' dir='ltr'>et</span> <span class='ocrx_word' id='word_1_153' title='bbox 294 2446 383 2488; x_wconf 86' lang='lat' dir='ltr'>carne</span> <span class='ocrx_word' id='word_1_154' title='bbox 405 2424 516 2487; x_wconf 87' lang='lat' dir='ltr'>vivunt.</span> <span class='ocrx_word' id='word_1_155' title='bbox 560 2425 620 2487; x_wconf 86' lang='lat' dir='ltr'>Pro</span> <span class='ocrx_word' id='word_1_156' title='bbox 642 2425 770 2488; x_wconf 81' lang='lat' dir='ltr'>vestibus</span> <span class='ocrx_word' id='word_1_157' title='bbox 791 2423 883 2486; x_wconf 81' lang='lat' dir='ltr'>induti</span> <span class='ocrx_word' id='word_1_158' title='bbox 903 2439 970 2487; x_wconf 88' lang='lat' dir='ltr'>sunt</span> <span class='ocrx_word' id='word_1_159' title='bbox 990 2425 1138 2508; x_wconf 64' lang='lat' dir='ltr'>pellibus!</span> 
     </span>
    </p>

    <p class='ocr_par' dir='ltr' id='par_1_6' title="bbox 178 2523 1160 3314">
     <span class='ocr_line' id='line_1_22' title="bbox 223 2523 1158 2610; baseline 0.005 -23"><span class='ocrx_word' id='word_1_160' title='bbox 223 2529 271 2589; x_wconf 82' lang='lat'>16.</span> <span class='ocrx_word' id='word_1_161' title='bbox 294 2523 378 2588; x_wconf 85' lang='lat' dir='ltr'>ltalia</span> <span class='ocrx_word' id='word_1_162' title='bbox 398 2525 436 2586; x_wconf 88' lang='lat' dir='ltr'>ab</span> <span class='ocrx_word' id='word_1_163' title='bbox 458 2525 585 2608; x_wconf 87' lang='lat' dir='ltr'>Alpibus</span> <span class='ocrx_word' id='word_1_164' title='bbox 601 2545 692 2607; x_wconf 89' lang='lat' dir='ltr'>usque</span> <span class='ocrx_word' id='word_1_165' title='bbox 713 2525 751 2586; x_wconf 87' lang='lat' dir='ltr'>ad</span> <span class='ocrx_word' id='word_1_166' title='bbox 767 2523 872 2588; x_wconf 84' lang='lat' dir='ltr'>fretum</span> <span class='ocrx_word' id='word_1_167' title='bbox 889 2525 1019 2588; x_wconf 84' lang='lat' dir='ltr'>Siorilum</span> <span class='ocrx_word' id='word_1_168' title='bbox 1041 2525 1158 2610; x_wconf 73' lang='lat' dir='ltr'>pom&#39;gl-</span> 
     </span>
     <span class='ocr_line' id='line_1_23' title="bbox 178 2624 1160 2709; baseline 0.001 -20"><span class='ocrx_word' id='word_1_169' title='bbox 178 2642 224 2689; x_wconf 89' lang='lat' dir='ltr'>tur</span> <span class='ocrx_word' id='word_1_170' title='bbox 251 2627 325 2688; x_wconf 87' lang='lat' dir='ltr'>inter</span> <span class='ocrx_word' id='word_1_171' title='bbox 352 2646 431 2688; x_wconf 86' lang='lat' dir='ltr'>mare</span> <span class='ocrx_word' id='word_1_172' title='bbox 454 2624 588 2687; x_wconf 86' lang='lat' dir='ltr'>Tuscum</span> <span class='ocrx_word' id='word_1_173' title='bbox 614 2637 644 2687; x_wconf 87' lang='lat' dir='ltr'>et</span> <span class='ocrx_word' id='word_1_174' title='bbox 669 2624 862 2687; x_wconf 87' lang='lat' dir='ltr'>Adriaticum.</span> <span class='ocrx_word' id='word_1_175' title='bbox 904 2625 1022 2688; x_wconf 78' lang='lat' dir='ltr'>Multos</span> <span class='ocrx_word' id='word_1_176' title='bbox 1049 2627 1160 2709; x_wconf 83' lang='lat' dir='ltr'>longior</span> 
     </span>
     <span class='ocr_line' id='line_1_24' title="bbox 178 2723 1159 2810; baseline -0.002 -20"><span class='ocrx_word' id='word_1_177' title='bbox 178 2741 223 2790; x_wconf 89' lang='lat' dir='ltr'>est</span> <span class='ocrx_word' id='word_1_178' title='bbox 243 2726 331 2810; x_wconf 77' lang='lat' dir='ltr'>qu&#39;atn</span> <span class='ocrx_word' id='word_1_179' title='bbox 355 2723 463 2788; x_wconf 69' lang='lat' dir='ltr'>latior!</span> <span class='ocrx_word' id='word_1_180' title='bbox 507 2724 542 2787; x_wconf 94' lang='lat' dir='ltr'>In</span> <span class='ocrx_word' id='word_1_181' title='bbox 564 2725 660 2788; x_wconf 87' lang='lat' dir='ltr'>medio</span> <span class='ocrx_word' id='word_1_182' title='bbox 680 2747 712 2787; x_wconf 89' lang='lat' dir='ltr'>se</span> <span class='ocrx_word' id='word_1_183' title='bbox 738 2725 841 2788; x_wconf 86' lang='lat' dir='ltr'>attollit</span> <span class='ocrx_word' id='word_1_184' title='bbox 865 2725 1041 2807; x_wconf 84' lang='lat' dir='ltr'>Apenninus</span> <span class='ocrx_word' id='word_1_185' title='bbox 1066 2747 1159 2803; x_wconf 88' lang='lat' dir='ltr'>mons,</span> 
     </span>
     <span class='ocr_line' id='line_1_25' title="bbox 178 2825 1160 2911; baseline 0 -23"><span class='ocrx_word' id='word_1_186' title='bbox 178 2827 238 2910; x_wconf 91' lang='lat' dir='ltr'>qui,</span> <span class='ocrx_word' id='word_1_187' title='bbox 268 2827 420 2910; x_wconf 75' lang='lat' dir='ltr'>postquam</span> <span class='ocrx_word' id='word_1_188' title='bbox 456 2825 614 2888; x_wconf 88' lang='lat' dir='ltr'>continenti</span> <span class='ocrx_word' id='word_1_189' title='bbox 638 2825 710 2911; x_wconf 82' lang='lat' dir='ltr'>jugo</span> <span class='ocrx_word' id='word_1_190' title='bbox 738 2846 901 2908; x_wconf 84' lang='lat' dir='ltr'>progressus</span> <span class='ocrx_word' id='word_1_191' title='bbox 930 2839 974 2888; x_wconf 88' lang='lat' dir='ltr'>est</span> <span class='ocrx_word' id='word_1_192' title='bbox 1002 2847 1093 2909; x_wconf 82' lang='lat' dir='ltr'>usque</span> <span class='ocrx_word' id='word_1_193' title='bbox 1121 2827 1160 2889; x_wconf 86' lang='lat' dir='ltr'>ad</span> 
     </span>
     <span class='ocr_line' id='line_1_26' title="bbox 180 2924 1159 3011; baseline 0.002 -23"><span class='ocrx_word' id='word_1_194' title='bbox 180 2927 327 3011; x_wconf 81' lang='lat' dir='ltr'>Apuliam,</span> <span class='ocrx_word' id='word_1_195' title='bbox 342 2926 371 2990; x_wconf 90' lang='lat' dir='ltr'>in</span> <span class='ocrx_word' id='word_1_196' title='bbox 386 2927 457 2990; x_wconf 87' lang='lat' dir='ltr'>duos</span> <span class='ocrx_word' id='word_1_197' title='bbox 473 2926 553 3010; x_wconf 87' lang='lat' dir='ltr'>quasi</span> <span class='ocrx_word' id='word_1_198' title='bbox 567 2948 662 2990; x_wconf 89' lang='lat' dir='ltr'>ramos</span> <span class='ocrx_word' id='word_1_199' title='bbox 684 2925 827 2988; x_wconf 85' lang='lat' dir='ltr'>dividitur.</span> <span class='ocrx_word' id='word_1_200' title='bbox 873 2924 1059 2988; x_wconf 90' lang='lat' dir='ltr'>Nobilissima</span> <span class='ocrx_word' id='word_1_201' title='bbox 1080 2926 1159 3008; x_wconf 80' lang='lat' dir='ltr'>regio</span> 
     </span>
     <span class='ocr_line' id='line_1_27' title="bbox 178 3025 1157 3111; baseline -0.002 -21"><span class='ocrx_word' id='word_1_202' title='bbox 178 3029 216 3091; x_wconf 92' lang='lat' dir='ltr'>ob</span> <span class='ocrx_word' id='word_1_203' title='bbox 244 3027 416 3091; x_wconf 78' lang='lat' dir='ltr'>fertilitatem</span> <span class='ocrx_word' id='word_1_204' title='bbox 443 3027 497 3090; x_wconf 90' lang='lat' dir='ltr'>soli</span> <span class='ocrx_word' id='word_1_205' title='bbox 523 3027 651 3111; x_wconf 86' lang='lat' dir='ltr'>ooelique</span> <span class='ocrx_word' id='word_1_206' title='bbox 678 3026 884 3089; x_wconf 74' lang='lat' dir='ltr'>salubritatem.</span> <span class='ocrx_word' id='word_1_207' title='bbox 938 3025 1041 3098; x_wconf 83' lang='lat' dir='ltr'>Quum</span> <span class='ocrx_word' id='word_1_208' title='bbox 1070 3026 1157 3106; x_wconf 75' lang='lat' dir='ltr'>longe</span> 
     </span>
     <span class='ocr_line' id='line_1_28' title="bbox 179 3124 1160 3212; baseline -0.005 -21"><span class='ocrx_word' id='word_1_209' title='bbox 179 3151 207 3192; x_wconf 87' lang='lat' dir='ltr'>rn</span> <span class='ocrx_word' id='word_1_210' title='bbox 230 3151 307 3191; x_wconf 87' lang='lat' dir='ltr'>mare</span> <span class='ocrx_word' id='word_1_211' title='bbox 328 3140 486 3212; x_wconf 79' lang='lat' dir='ltr'>procunat,</span> <span class='ocrx_word' id='word_1_212' title='bbox 501 3127 640 3210; x_wconf 88' lang='lat' dir='ltr'>plurimos</span> <span class='ocrx_word' id='word_1_213' title='bbox 661 3127 750 3190; x_wconf 82' lang='lat' dir='ltr'>habet</span> <span class='ocrx_word' id='word_1_214' title='bbox 771 3139 869 3208; x_wconf 89' lang='lat' dir='ltr'>portus</span> <span class='ocrx_word' id='word_1_215' title='bbox 891 3125 1065 3208; x_wconf 74' lang='lat' dir='ltr'>populr‘trum</span> <span class='ocrx_word' id='word_1_216' title='bbox 1086 3124 1160 3186; x_wconf 87' lang='lat' dir='ltr'>inter</span> 
     </span>
     <span class='ocr_line' id='line_1_29' title="bbox 178 3223 1158 3314; baseline -0.007 -22"><span class='ocrx_word' id='word_1_217' title='bbox 178 3229 229 3292; x_wconf 59' lang='lat' dir='ltr'>se*</span> <span class='ocrx_word' id='word_1_218' title='bbox 256 3243 387 3314; x_wconf 77' lang='lat' dir='ltr'>patentes</span> <span class='ocrx_word' id='word_1_219' title='bbox 411 3227 605 3292; x_wconf 63' lang='lat' dir='ltr'>commercio.¹</span> <span class='ocrx_word' id='word_1_220' title='bbox 650 3225 757 3310; x_wconf 89' lang='lat' dir='ltr'>Neque</span> <span class='ocrx_word' id='word_1_221' title='bbox 781 3226 841 3289; x_wconf 92' lang='lat' dir='ltr'>ulla</span> <span class='ocrx_word' id='word_1_222' title='bbox 866 3225 967 3288; x_wconf 63' lang='lat' dir='ltr'>saeil&#39;es</span> <span class='ocrx_word' id='word_1_223' title='bbox 999 3237 1043 3286; x_wconf 89' lang='lat' dir='ltr'>est</span> <span class='ocrx_word' id='word_1_224' title='bbox 1070 3223 1158 3306; x_wconf 84' lang='lat' dir='ltr'>regio,</span> 
     </span>
    </p>
   </div>
   <div class='ocr_carea' id='block_1_5' title="bbox 242 3421 1088 3724">
    <p class='ocr_par' dir='ltr' id='par_1_7' title="bbox 242 3421 1088 3724">
     <span class='ocr_line' id='line_1_30' title="bbox 243 3421 1079 3487; baseline -0.001 0"><span class='ocrx_word' id='word_1_225' title='bbox 243 3426 351 3487; x_wconf 55' lang='lat' dir='ltr'>nau·</span> <span class='ocrx_word' id='word_1_226' title='bbox 541 3423 647 3485; x_wconf 65' lang='lat' dir='ltr'>naa</span> <span class='ocrx_word' id='word_1_227' title='bbox 909 3421 1019 3484; x_wconf 64' lang='lat' dir='ltr'>tros,</span> <span class='ocrx_word' id='word_1_228' title='bbox 1033 3421 1079 3486; x_wconf 73' lang='lat' dir='ltr'>u.)</span> 
     </span>
     <span class='ocr_line' id='line_1_31' title="bbox 243 3499 1017 3565; baseline -0.003 -15"><span class='ocrx_word' id='word_1_229' title='bbox 243 3503 351 3565; x_wconf 61' lang='lat' dir='ltr'>asmo.</span> <span class='ocrx_word' id='word_1_230' title='bbox 537 3499 739 3563; x_wconf 68' lang='lat' dir='ltr'>fraenare.</span> <span class='ocrx_word' id='word_1_231' title='bbox 910 3499 1017 3562; x_wconf 62' lang='lat' dir='ltr'>*resa</span> 
     </span>
     <span class='ocr_line' id='line_1_32' title="bbox 244 3576 1088 3644; baseline -0.004 -16"><span class='ocrx_word' id='word_1_232' title='bbox 244 3580 350 3644; x_wconf 53' lang='lat' dir='ltr'>musa.</span> <span class='ocrx_word' id='word_1_233' title='bbox 538 3578 738 3642; x_wconf 63' lang='lat' dir='ltr'>tsesqnm</span> <span class='ocrx_word' id='word_1_234' title='bbox 907 3576 1088 3641; x_wconf 64' lang='lat' dir='ltr'>areana?</span> 
     </span>
     <span class='ocr_line' id='line_1_33' title="bbox 242 3655 396 3724; baseline -0.026 -16"><span class='ocrx_word' id='word_1_235' title='bbox 242 3655 396 3724; x_wconf 60' lang='lat' dir='ltr'>‘aarum</span> 
     </span>
    </p>
   </div>
   <div class='ocr_carea' id='block_1_6' title="bbox 0 0 1337 4304">
    <p class='ocr_par' dir='ltr' id='par_1_8' title="bbox 0 0 1337 4304">
     <span class='ocr_line' id='line_1_34' title="bbox 0 0 1337 4304; baseline 0 0"><span class='ocrx_word' id='word_1_236' title='bbox 0 0 1337 4304; x_wconf 95' lang='lat' dir='ltr'> </span> 
     </span>
    </p>
   </div>
  </div>
 </body>
</html>
