2656 4304
472 413 607 456 uanrous
630 413 669 456 on
692 415 874 469 anmournr.
1107 399 1166 460 119

180 581 272 648 aquas
287 559 371 624 trahit
385 573 415 624 et
430 553 547 646 potatu*
565 562 723 648 jucundas.
767 561 907 628 Placidus
921 564 998 628 idern
1018 563 1164 630 latissima

180 661 291 746 pabrila
311 661 370 724 alit.
412 661 526 746 Magno
540 663 635 748 spatio
653 662 824 746 navigabilis
840 663 926 748 juxta
940 666 1041 728 urbem
1054 665 1164 749 Borys-

180 761 312 826 thenida⁵
327 763 357 826 in
371 761 502 828 Pontum
516 763 684 826 effunditur.

221 866 274 926 43.
295 862 382 926 Ultra
401 863 544 947 Rhipeus
565 877 678 926 montes
700 877 730 926 et
743 863 924 948 Aquilonem
945 885 1015 946 gens
1036 864 1164 928 habitare

178 963 358 1026 existirnatur
385 963 560 1040 felicissima,
590 962 827 1047 Hyperboreos*
855 964 1016 1048 appellant.
1068 963 1165 1046 Regio

178 1068 287 1146 aprIca,
302 1064 372 1127 salix
386 1064 455 1126 coeli
473 1063 626 1148 temperies
646 1069 784 1150 omnique
806 1065 920 1128 afflatu‘
941 1063 1031 1127 noxio
1052 1085 1165 1128 carens.

178 1162 279 1226 Semel
300 1165 331 1226 in
345 1186 423 1227 anno
437 1163 479 1227 sol
493 1164 526 1228 iis
547 1165 636 1228 oritur
648 1164 792 1243 solstitio,‘
807 1165 912 1230 brumd
932 1165 1023 1228 semel
1045 1165 1162 1252 occidit.

177 1261 287 1328 Incdlae
311 1264 341 1326 in
366 1265 530 1328 nemoribus
552 1279 581 1330 et
601 1265 674 1330 lucis
696 1266 846 1344 habitant3
872 1267 934 1330 sine
955 1265 1035 1330 omni
1056 1265 1163 1328 discor·

176 1363 226 1427 dit
243 1377 273 1427 et
295 1365 463 1447 agritudine
482 1365 593 1428 vivunt.
637 1365 743 1442 Quum
764 1367 842 1430 vitae'
865 1367 938 1430 eoss
959 1365 1054 1442 tedet,
1068 1365 1161 1449 opidis

176 1465 297 1548 sumptis
312 1487 350 1528 ex
363 1487 437 1549 rupe
451 1487 483 1528 se
497 1465 526 1527 in
544 1487 625 1528 mare
646 1467 837 1549 praecipitant.
882 1465 950 1530 Hoo
972 1465 1049 1528 euim
1064 1465 1162 1548 sepul-

179 1568 248 1625 tr'uae
263 1585 353 1646 genus
365 1565 564 1628 beatissimum
578 1587 643 1628 esse
657 1565 832 1628 existimant.

221 1667 275 1727 44.
301 1665 374 1728 Asia
398 1665 501 1728 ceteris
526 1679 606 1728 terrae
627 1666 757 1749 partibus
778 1679 822 1728 ost
846 1665 977 1748 amplior.
1021 1663 1161 1728 Oceanus
1195 1739 1197 1745 Ι

176 1783 241 1824 earn
263 1764 353 1840 alluit,
370 1778 402 1826 ut
421 1765 493 1827 lours
513 1765 553 1827 ita
573 1765 739 1827 nominibus
761 1765 917 1842 diffrirens3
940 1764 1022 1828 Eous
1044 1765 1082 1828 ab
1103 1763 1159 1826 ori·

174 1875 250 1938 ente,
273 1883 291 1924 a
314 1863 432 1924 meridie
454 1862 583 1941 Indicus,
605 1885 623 1927 a
643 1864 839 1947 septentrione
865 1865 1032 1949 Scythicus,
1077 1865 1157 1928 Asiae

172 1961 291 2024 nomine
319 1963 482 2046 appellatur
510 1965 598 2026 etiam
628 1965 790 2047 peninsrila,
816 1987 879 2049 quae
910 1987 928 2028 a
955 1965 1028 2026 mari
1053 1964 1158 2046 AEgaeo

173 2062 317 2144 usquead
334 2063 502 2125 Anneniam
524 2077 615 2146 patet.
659 2065 695 2126 ln
709 2065 767 2128 hac
789 2079 871 2148 parte
892 2079 937 2128 est
957 2063 1099 2146 Bithynia
1120 2063 1159 2126 ad

174 2159 386 2244 Propontidem
400 2163 464 2238 sita,
477 2163 528 2224 ubi
542 2163 687 2226 Granicus
701 2164 731 2225 in
747 2186 825 2226 mare
839 2164 1006 2239 effunditur,
1017 2163 1056 2226 ad
1071 2184 1158 2246 quem

175 2281 293 2322 amnem
317 2260 495 2338 Alexander,
517 2283 570 2323 rex
590 2261 784 2338 Maoedoniae,
805 2263 928 2344 primam
950 2262 1099 2327 victoriam
1120 2263 1157 2324 da

174 2359 270 2422 Persis
284 2361 451 2444 reportavit.
494 2361 592 2424 Trans
605 2361 686 2423 illum
705 2382 821 2424 amnem
842 2362 896 2426 sita
917 2376 961 2425 est
975 2361 1107 2445 Cyzicus
1127 2362 1158 2434 in

172 2463 287 2523 eervioe
311 2461 479 2544 peninsrilae,
504 2462 573 2523 urbs
601 2461 787 2538 nobilissima,
813 2485 831 2526 a
857 2462 972 2547 Cyzico
1000 2463 1157 2546 appellata,

174 2560 221 2643 qui
247 2561 276 2622 in
300 2561 353 2624 illis
378 2561 542 2644 regiondrus
568 2562 605 2624 ab
630 2562 805 2644 Argonautis
834 2564 933 2646 pugna
960 2567 1073 2626 occisus
1102 2577 1155 2628 est.

173 2659 264 2723 Haud
285 2662 385 2744 procul
406 2663 444 2724 ab
469 2661 519 2724 illa
539 2663 610 2724 urbe
632 2661 816 2746 Rhyndacus
837 2663 868 2725 in
888 2686 968 2726 mare
988 2664 1155 2742 effunditur,

171 2760 248 2824 eima
264 2783 351 2844 quem
366 2783 474 2844 angues
496 2776 662 2839 nascuntur,
676 2785 735 2825 non
757 2763 851 2825 soldm
865 2763 904 2826 ob
925 2763 1155 2845 magnitudinem

171 2861 326 2940 mirabiles,
340 2863 392 2925 sed
413 2862 498 2925 etiam
515 2864 553 2926 ob
574 2862 614 2940 id,
630 2863 718 2946 quod,
734 2885 824 2946 quum
845 2885 884 2926 ex
905 2863 982 2947 aqua
1003 2877 1153 2947 emergunt

171 2975 201 3024 et
214 2962 303 3039 hiant,
318 2964 534 3048 supervolantes
548 2985 618 3028 aves
636 2965 799 3028 absorbent.

213 3067 264 3126 45.
287 3063 441 3148 Propontis
454 3087 524 3128 eum
538 3065 637 3128 Ponto
654 3065 786 3150 jungitur
800 3087 852 3149 per
864 3065 1058 3149 Bosptrum:
1074 3066 1153 3148 quod
1170 3092 1175 3103 ·

170 3162 272 3226 fretum
298 3165 424 3249 quinque
448 3165 540 3228 stadia
565 3165 657 3228 latum
682 3165 833 3248 Europam
859 3167 896 3229 ab
926 3166 1000 3228 Asis
1027 3165 1151 3248 sepiunt.

169 3263 244 3348 ipsis
268 3265 298 3328 in
326 3265 459 3329 faucious
487 3265 612 3348 Bospdri
639 3267 782 3350 oppidum
812 3279 856 3328 est
880 3265 1084 3346 Chalcodon‚†
1114 3267 1151 3330 ab

349 3456 363 3480 “
379 3455 477 3520 Supply
489 3471 570 3519 ptam.
728 3457 737 3506 1
756 3456 854 3522 Supply
865 3457 970 3507 conditu.

232 3547 245 3571 ⁰
260 3546 272 3610 5
286 3546 342 3608 2⁷6,
352 3545 402 3596 111.
570 3548 678 3611 ιι5253.
896 3551 1086 3614 Ῑξὲἓῌὶθ.

232 3623 357 3688 458441.
569 3625 579 3651 '
596 3626 678 3690 5215,
694 3628 739 3691 (1.)
871 3683 876 3692 ,
899 3629 1077 3694 ‘tarnat

232 3702 242 3727 '
256 3701 269 3765 i
282 3701 339 3765 2³⁰,
351 3703 397 3766 (2)
