2656 4304
584 447 681 488 ιιιιιι
702 445 750 488 ιιι.
1116 424 1160 489 89

175 596 268 673 irum
282 617 370 658 mauu
391 597 445 660 suh
463 595 581 674 occidit,
599 601 634 658 'et
655 593 834 676 triumphans
854 593 946 677 spolia
966 593 1047 658 Galli
1067 593 1159 678 stipiti

74 703 77 707 ’
143 707 146 713 ’
176 698 311 780 imposita
325 697 449 760 humeris
463 696 522 760 suis
537 697 627 759 vexit.

220 801 250 860 2.
273 798 368 862 Paulh
382 799 449 882 post
464 797 613 860 Punicum
627 795 738 858 bellum
751 801 920 858 renovatum
937 809 981 859 est
1001 817 1054 880 per
1076 795 1159 860 Han·

176 898 327 976 nihilem,⁶
350 895 634 980 Carthaginiensium
659 897 776 974 ducem,
798 910 886 980 quern
907 909 989 980 pater
1011 895 1161 960 Hamilcar

176 1021 283 1062 novem
303 997 407 1062 ιιιιιοιὁ
425 1011 526 1060 natum
541 996 594 1060 aris
617 996 794 1074 admoverat,
809 1011 843 1060 ut
863 997 963 1060 odium
984 1017 1112 1081 perenne
1132 997 1161 1060 in

178 1099 330 1164 Romanos
355 1099 473 1184 jur-'aret
518 1097 578 1162 Hie
613 1119 722 1160 annum
750 1119 840 1180 agens
869 1097 1042 1161 vicesiruum
1071 1097 1162 1160 aetatis

178 1199 352 1304 Saguntum,
375 1199 522 1283 Hispania
546 1197 703 1277 civitatem,
724 1197 867 1262 Romanis
895 1201 1032 1276 amicam,

177 1299 361 1384 oppugnare‘
397 1321 545 1384 aggressus
580 1313 633 1363 est.
693 1298 771 1362 Huic
810 1298 941 1364 Romani
976 1320 1140 1395 par536
1082 1269 1161 1318 A'U'

176 1401 286 1497 legatos
311 1401 561 1479 denuntiaverunt,
582 1415 616 1464 ut
641 1399 720 1464 hello
741 1399 921 1464 numeret!
965 1398 1029 1474 Qui

179 1523 268 1584 quum
281 1503 391 1585 legatos
404 1502 557 1566 admistam
576 1501 678 1578 nollet,
692 1499 822 1564 Romani
843 1498 1054 1582 Carthaginem
1075 1500 1162 1564 mise·

181 1615 256 1678 mut,
276 1616 309 1666 ut
328 1603 514 1666 mandaretur
541 1600 723 1678 Hannibalis
750 1623 789 1663 ne
816 1599 926 1664 bellum
947 1613 1049 1664 contm
1069 1600 1162 1664 socios

180 1701 279 1784 popili
307 1701 438 1766 Romam
465 1702 586 1785 gereret.
630 1701 714 1766 Dura
740 1723 878 1786 responsa
899 1723 918 1764 ι
939 1699 1161 1784 Carthaginien-

177 1803 256 1864 srhus
291 1803 413 1866 reddita.
458 1801 624 1885 Saguntinis
659 1801 767 1866 interea
802 1801 879 1866 fame
908 1801 1000 1880 victis,
1029 1800 1161 1866 Romani

176 1900 463 1985 Carthaginiensium
476 1902 586 1966 bellum
600 1901 775 1966 indixerunt.

218 2006 250 2066 3.
277 2001 438 2081 Hannssral,
467 2003 551 2067 hatra
587 2001 771 2067 Hasdrubale
806 2003 836 2066 in
870 1993 1016 2088 Hispaniis
1048 2004 1160 2082 relicto,

177 2101 371 2186 l'yrenaeums
392 2118 422 2166 et
436 2104 533 2188 Alpes,
545 2103 664 2168 transiit.
707 2103 875 2168 Traditur*
892 2104 922 2168 in
944 2104 1059 2168 Italiam
1080 2105 1181 2168 octu-¹

177 2203 257 2284 ginta
277 2204 367 2266 nullia
387 2205 530 2286 peditum,
551 2216 582 2266 ιι
602 2203 703 2286 viginti
723 2205 813 2268 millia
834 2205 975 2288 equitum,
997 2221 1110 2288 septem
1132 2219 1162 2268 et

178 2302 294 2385 triginta
322 2303 493 2386 elephantos
521 2302 686 2365 abduxisse.
728 2303 845 2366 Interea
872 2305 955 2366 multi
982 2303 1104 2386 Ligures
1132 2318 1162 2368 et

178 2403 257 2466 Galli
273 2401 454 2466 Hannihili¹
474 2424 507 2466 se
527 2401 751 2487 conjunxerunt.
795 2403 909 2466 Primus
931 2404 957 2466 ei
978 2405 1102 2468 occurrit
1123 2404 1160 2468 P.

177 2503 330 2567 Cornelius
351 2502 461 2587 Scipio,
488 2503 548 2586 qui,
574 2502 678 2586 proelio
703 2503 741 2566 ad
766 2503 904 2567 Ticinum
928 2505 1091 2581 commisso,
1112 2527 1161 2568 su·

179 2612 293 2688 peram
321 2618 375 2682 est,
397 2618 437 2681 et,
459 2603 579 2667 vulnEne
607 2617 742 2686 acceptO,
764 2602 793 2666 in
818 2619 912 2668 castra
940 2606 1032 2669 rediit.
1076 2605 1159 2668 Turn

178 2705 365 2788 Sempronius
394 2703 546 2768 Gracchus
574 2703 705 2768 conflixit
729 2705 768 2768 ad
796 2704 937 2768 Trebiam
958 2728 1085 2769 amnem.
1129 2706 1159 2770 Is

178 2827 294 2890 qunque
323 2805 456 2868 vincitur.
498 2804 589 2870 Multi
614 2805 715 2890 populi
742 2827 775 2868 se
797 2805 956 2868 Hannibali
978 2805 1159 2870 dediderunt.

178 2905 252 2968 lnde
282 2905 312 2968 in
344 2905 486 2970 Tusciam
521 2928 686 2992 progressus
722 2905 899 2970 Flaminium
934 2907 1085 2971 consulem
1122 2908 1160 2971 ad

177 3006 383 3070 Trasimenum
397 3007 494 3072 lacum
510 3007 643 3121 supetat.
687 3006 755 3092 Ipse
777 3007 938 3072 Flaminius
959 3007 1159 3092 interemptus

177 3105 379 3174 Romanorum
394 3108 494 3191 viginti
508 3109 635 3192 quinque
649 3107 739 3172 millia
750 3133 825 3172 casa
839 3123 915 3172 sunt.

219 3211 251 3272 4.
273 3208 519 3292 Quingentesirno
547 3223 577 3272 et
607 3210 827 3294 quadragesimo
855 3233 932 3274 anno
964 3223 1030 3294 post
1081 3199 1159 3248 ANJU

177 3309 277 3372 urbem
291 3308 498 3374 conditamL.
513 3309 649 3372 AEmilius
671 3310 792 3374 Paullus
812 3325 842 3373 et
863 3311 901 3374 P.
916 3311 1031 3372 Teren·
1087 3276 1142 3326 ⁵⁴⁰

176 3408 234 3472 tius
262 3408 355 3472 Vana
383 3423 484 3474 contra
521 3407 718 3474 Hannibalern
752 3412 913 3476 mittuntur.
968 3413 1160 3500 Quamquam

250 3565 264 3591 ⁶
280 3564 307 3614 Is
316 3567 423 3616 traditur
432 3567 494 3616 used
505 3566 647 3632 personally
658 3582 686 3615 cr
696 3563 891 3634 impeiaonnlly?
925 3571 938 3634 ξ
951 3571 1008 3635 271,
1018 3572 1051 3622 R.
1061 3573 1086 3622 2.

231 3658 349 3722 :ruam
359 3658 391 3707 a.
402 3659 425 3708 1.
599 3659 741 3724 ‘aaran
926 3665 1096 3730 fussam.)

241 3735 349 3877 ᾖξ’
598 3737 776 3802 'lma
928 3742 1037 3810 etan.
1102 3751 1105 3758 ⁴
