2656 4304
191 471 261 532 ,128
432 489 472 531 or
494 487 562 530 uua
583 463 857 530 eaoamrnn‘aun
878 485 946 528 rua

198 637 350 701 cacumine
366 637 473 721 pedum
497 635 662 721 quinddeim
683 635 812 699 millium.
855 633 938 696 Intus
952 630 982 694 in
1004 631 1041 694 ed
1062 644 1106 694 est
1121 652 1180 714 pu·

198 751 260 800 teus
274 737 421 820 octoginta
434 759 487 799 sex
501 737 674 800 cubitdmm.
718 736 798 798 Ante
811 735 864 796 has
879 732 1044 816 pyramides
1062 731 1182 814 Sphinx

197 849 242 899 est
263 839 358 920 posita
382 837 458 900 mirae
484 836 700 920 magnitudinis.
744 834 858 918 Capitis
886 833 1011 896 ambitus
1040 829 1178 894 centum‘

198 936 271 998 duos
293 937 382 1020 pedes
404 937 510 1013 habet;
539 935 688 1019 longitiado
712 949 757 998 est
781 935 890 1018 pedum
915 946 1032 995 centum
1055 930 1179 1014 quadra-

197 1035 276 1117 ginta
298 1037 401 1113 trium;
430 1036 549 1098 altitudo
574 1059 591 1098 a
613 1049 713 1098 ventre
734 1055 828 1118 usque
849 1034 886 1096 ad
907 1053 1053 1095 summum
1073 1029 1178 1114 eapitis

197 1135 312 1217 apicem
326 1136 475 1216 sexaginta
489 1137 622 1198 dudmm.

240 1236 292 1295 07.
316 1233 396 1295 lnter
418 1235 557 1298 miracrila
582 1235 707 1318 AEgypti
727 1239 970 1298 commemoratur
991 1231 1077 1296 etiam
1096 1231 1177 1296 Μω-

197 1333 233 1395 ris
261 1332 352 1410 laone,
382 1335 540 1418 quingenta
568 1333 656 1397 millia
685 1356 822 1418 passuum
847 1333 877 1395 in
905 1332 1026 1395 eimuitu
1055 1346 1176 1416 patens3

197 1433 393 1516 Labyrinthus
407 1434 543 1497 termille
564 1435 664 1497 domos
678 1448 709 1497 et
729 1434 820 1516 regias
842 1431 995 1494 duodecim
1019 1454 1079 1494 uno
1102 1433 1176 1515 pari·

198 1534 245 1596 dte
263 1534 425 1618 amplexus¹
440 1547 516 1597 totus
538 1531 697 1598 mambre*
720 1546 881 1596 exstructus
902 1545 1073 1615 tectusque3
1095 1531 1176 1594 tum's

198 1635 323 1717 denique
343 1633 372 1696 in
394 1635 487 1700 insula
507 1635 615 1712 Pharo,
636 1657 654 1698 a
675 1634 844 1710 Ptolemaeo,
866 1631 939 1714 Lagi
960 1631 1027 1707 filio,
1048 1631 1173 1694 condita.

197 1733 289 1794 Usus‘
311 1733 372 1818 ejus
394 1735 517 1797 navibus
538 1750 627 1798 noctu
649 1735 730 1816 ignes
751 1731 962 1796 ostenderem
984 1730 1174 1816 praeuuntian·

197 1830 249 1892 da‘l
265 1833 340 1892 vada
355 1834 510 1916 portdsque
524 1833 681 1896 introitum.

239 1932 291 1992 68.
317 1929 352 1992 In
378 1931 551 2013 palustnbus
577 1933 702 2016 AEgypti
726 1931 889 2015 regiombus
915 1942 1060 2016 papyrum
1082 1933 1176 1996 nasci·

197 2044 251 2092 tur.
296 2029 457 2094 Radicibus
479 2031 581 2095 incdlae
604 2054 656 2116 pro
677 2031 756 2114 ligno
777 2046 895 2094 utuntur
906 2055 914 2109 ;
937 2053 975 2094 ex
996 2033 1059 2115 ipso
1080 2047 1174 2095 autem

198 2142 310 2213 papyro
338 2131 453 2214 navigia
476 2145 589 2209 texunt,
615 2155 632 2194 e
660 2133 733 2194 libro
757 2133 832 2208 vela,
857 2131 977 2215 tegetes,
1003 2145 1113 2195 vestem
1140 2155 1175 2196 ae

198 2229 289 2293 funes.
333 2232 420 2294 Succi
443 2233 534 2296 causi
558 2233 646 2296 etiam
667 2233 808 2296 mandunt
830 2233 918 2295 modd
938 2233 1070 2309 crudum,
1089 2231 1176 2294 modd

197 2332 360 2394 decoctum.
405 2331 606 2416 Praeparantur
627 2356 666 2396 ex
680 2356 716 2396 eo
737 2333 824 2396 etiam
840 2333 956 2396 chartae.
999 2331 1116 2396 Charta
1137 2353 1175 2394 ex

197 2442 310 2512 papyro
330 2454 398 2494 usus
421 2448 486 2515 post
507 2435 667 2496 Alexandn'
688 2436 805 2495 demum
827 2433 959 2496 victorias
979 2446 1107 2516 repertus
1121 2445 1173 2494 est.

197 2529 296 2590 Primb
311 2531 388 2592 enim
408 2533 573 2615 seriptum*
594 2533 622 2594 in
645 2534 804 2615 palmarum
827 2532 909 2610 soliis,
925 2533 1029 2594 deinde
1049 2532 1078 2594 in
1099 2531 1175 2594 libn's

197 2630 375 2710 quarundam
397 2631 551 2709 arbbrum;
574 2647 675 2715 postea
697 2633 814 2716 publiea
835 2633 1012 2695 monimenta
1034 2631 1174 2716 plumbeis

197 2729 300 2792 tabidis
314 2730 436 2808 confici,
452 2745 501 2794 aut
515 2733 703 2795 marmonbus
718 2733 847 2796 mandari
861 2717 961 2816 coedta
975 2746 1041 2796 sunt
1093 2731 1175 2792 Tan-

197 2831 263 2890 dem
279 2832 422 2894 aemulatio
439 2853 539 2914 regum
560 2832 711 2894 Ptolemaei
733 2845 762 2894 et
783 2831 925 2896 Eumenis
945 2832 975 2894 in
996 2830 1174 2894 bibliothecis

197 2929 356 2992 condendis
369 2932 553 2995 oceasidnem
568 2933 647 2995 dedit
661 2911 853 2995 membranas
877 2931 1014 3015 Pergiimi
1027 2931 1175 2995 invenien-

197 3027 235 3090 di.
281 3029 330 3090 Ab
345 3052 381 3092 eo
400 3030 466 3094 inde
487 3033 618 3115 tempdre
638 3033 701 3094 libri
722 3033 809 3095 modb
830 3032 860 3095 in
881 3033 984 3096 chantd
1005 3052 1043 3094 ex
1064 3040 1175 3114 papym

197 3128 283 3206 facte,
298 3131 386 3193 modd
402 3131 431 3194 in
445 3133 618 3195 membranis
632 3133 730 3216 scripti
743 3146 820 3196 sunt.

239 3233 292 3294 69.
321 3231 420 3296 Mores
449 3231 606 3296 incolamm
634 3233 759 3315 AEgypti
788 3234 825 3296 ab
854 3233 975 3297 alidmm
1005 3230 1175 3316 populdmm

196 3331 323 3394 moritus
353 3335 538 3396 vehementer
566 3332 740 3415 discrepant.
792 3334 924 3398 Mortuos
952 3355 1008 3396 nee
1036 3340 1173 3404 cremant,

196 3449 252 3489 nec
273 3432 416 3512 sepeliunt
429 3455 437 3508 ;
460 3433 559 3494 verum
574 3444 634 3492 arte
648 3433 806 3496 medicatos
821 3434 894 3497 intra
915 3429 1072 3515 penetralia
1085 3427 1173 3490 eolld·

423 3591 436 3616 ⁹
453 3589 551 3656 Supply
562 3599 596 3639 eet
606 3589 636 3638 ab
646 3591 791 3641 mintha.
826 3591 839 3654 ξ
854 3593 909 3656 141,
920 3591 952 3640 R.

259 3683 403 3748 ‘mma
593 3684 784 3748 umens.
974 3681 1115 3745 ‘terat

260 3763 367 3828 ἕως).
592 3761 775 3828 tamarae
