2656 4304
184 415 245 480 108
416 431 455 476 or
476 431 544 476 nun
566 431 757 482 aneensem
777 431 843 475 um
863 429 931 472 nnn

179 581 274 648 suevo
297 579 470 664 appensae,
491 579 679 665 ejusdemque
702 579 828 644 neminis
849 575 972 644 insitam
996 577 1167 662 amplexus,

178 681 210 746 fit
223 681 326 746 itinun
340 681 445 750 emtior
458 695 489 746 et
502 679 606 744 fluvius
620 667 766 770 ittirttmin
785 701 865 752 mare
877 678 1027 748 emittitur.
1086 715 1113 756 a)

180 831 184 838 .
225 785 274 846 ll.
297 781 394 844 Trans
415 780 557 844 Rhenum
578 779 719 846 Gennani
739 780 984 863 habitantesque
1005 781 1043 842 nd
1131 782 1167 846 ri-

95 873 98 882 ’
178 881 248 960 lam,
270 903 334 966 que
354 882 417 947 finis
438 896 483 946 est
503 881 666 946 Germanie
688 881 726 944 ad
747 881 896 942 orientem.
940 880 990 942 Ad
1012 881 1164 956 meridiem

142 1063 144 1068 Ι
178 983 347 1048 seminatur
370 983 509 1066 Alpibus,
530 982 568 1044 ad
592 979 818 1064 septentribnem
842 979 914 1046 mari
934 978 1106 1046 Britanniae
1132 995 1163 1048 et

178 1082 306 1146 Baltieo.
350 1082 457 1146 lncrilae
471 1081 625 1164 corprirum
643 1080 813 1164 proceritr‘rte
834 1080 991 1144 excellunt.
1034 1082 1161 1156 Animos

177 1182 328 1248 bellando·
353 1183 475 1266 uorptira
498 1181 645 1244 laboribus
673 1194 821 1246 exercent.
865 1179 959 1268 Hanc·
977 1181 1016 1244 ob
1041 1203 1161 1246 eausam

177 1283 278 1346 erebrb
292 1281 369 1346 bella
390 1295 493 1364 gerunt
505 1303 575 1346 eum
588 1280 725 1358 finitimis
739 1303 798 1344 non
813 1295 874 1346 tam
895 1281 994 1344 finium
1015 1283 1161 1364 prolatan-

177 1381 292 1448 dr'num‘
307 1380 594 1466 caust,suti1nperii
613 1381 782 1465 eupiditbte,
797 1383 850 1446 sed
870 1383 909 1444 ob
930 1382 999 1446 belli
1021 1373 1158 1448 emerem.

177 1481 266 1546 Mites
299 1497 397 1546 temen
432 1487 500 1552 sunt
535 1504 603 1564 erga
630 1481 791 1566 supplices
828 1495 859 1546 et
890 1481 959 1546 boni
987 1483 1158 1566 hospitibus.

177 1582 274 1648 Urbes
301 1584 448 1648 moenrbus
475 1583 586 1648 cinctas
614 1596 665 1646 aut
693 1582 773 1646 sessis
801 1582 1010 1666 aggeribusque
1033 1587 1158 1646 munitas

177 1705 236 1746 non
258 1685 376 1748 babent.
419 1683 502 1766 lpsas
525 1683 625 1746 domos
651 1683 689 1746 ed
713 1683 802 1748 breve
822 1697 938 1768 tempus
962 1697 1075 1746 stmunt
1098 1704 1156 1746 non

176 1782 321 1864 lapidibus
353 1796 404 1844 aut
431 1783 568 1845 lateribus
596 1783 687 1846 coctis
714 1784 767 1846 sed
795 1783 889 1865 lignis,
918 1805 981 1868 que
1010 1783 1157 1848 finndibus

176 1894 287 1963 tegunt.
331 1879 410 1944 Nam
439 1881 488 1947 diu
517 1882 623 1946 eedem
654 1882 684 1952 in
718 1883 784 1946 loeo
811 1883 934 1948 morsm
964 1883 1156 1968 perieulbsum

176 1981 345 2044 arbitrantur
357 1980 489 2043 libertati.

222 2084 271 2144 12.
297 2081 498 2164 Agricultbrn'
521 2081 662 2146 Germeni
689 2093 749 2146 nbn
771 2083 928 2148 admridbm
953 2085 1155 2160 studentnee

176 2181 327 2266 quisquam
352 2182 412 2265 agri
439 2182 558 2246 modum
585 2195 697 2246 certum
725 2198 776 2246 aut
803 2183 874 2248 fines
902 2184 1029 2268 pmprios
1057 2185 1155 2248 babet.

175 2281 270 2348 lacre
284 2296 440 2346 vescuntur
453 2296 483 2346 et
496 2301 583 2346 caseo
598 2297 629 2347 et
649 2305 746 2348 carne.
789 2283 851 2348 Ubi
871 2283 944 2361 fons,
958 2305 1090 2368 campus,
1104 2307 1156 2346 ne·

175 2405 278 2446 musve
299 2382 332 2446 iis
354 2382 520 2467 placueris!
531 2383 580 2446 'ibi
602 2384 702 2448 domos
722 2383 822 2468 figunt,
845 2405 916 2448 mox
936 2384 994 2447 alib
1014 2384 1154 2448 uansitsui

174 2505 243 2545 cum
271 2483 442 2566 conjugibus
471 2497 501 2545 et
529 2483 634 2546 libitis.
678 2484 826 2546 Interdum
854 2484 943 2548 etiam
971 2484 1096 2547 hirimem
1123 2486 1153 2547 in

174 2581 362 2644 subterraneis
383 2582 527 2662 specibus
549 2583 683 2644 dicuntur
702 2583 866 2665 transigite.

221 2683 270 2744 13.
293 2679 451 2744 Germania
472 2680 536 2744 altis
557 2683 714 2760 montium,
735 2683 823 2760 silvis,
845 2685 1057 2768 paludibusque
1076 2684 1154 2748 invia

173 2783 311 2848 oedditur.
354 2781 434 2846 Inter
454 2781 556 2845 silvas‘
573 2783 703 2846 maxima
717 2797 761 2846 est
783 2783 941 2868 Hercynia,
956 2785 1038 2870 eujus
1058 2785 1154 2848 latitu-

174 2883 274 2948 diuem
301 2881 402 2946 Cesar
429 2903 536 2946 novem
565 2882 674 2946 diarum
699 2883 766 2946 iter*
792 2891 893 2968 patere
917 2899 1021 2948 nanat.
1073 2885 1153 2948 Inse-

175 2984 273 3068 quenti
287 2984 418 3066 temprire
431 3005 538 3066 magna
557 3005 623 3068 pars
637 2983 698 3068 ejus
720 2988 818 3048 excisa
831 2999 885 3048 est.
928 2984 1067 3050 Flumina
1086 2999 1152 3048 sunt

173 3083 203 3150 iu
232 3082 391 3148 Genuanib
421 3084 513 3148 multa
542 3098 573 3148 et
586 3115 588 3118 ·
601 3105 717 3168 magna.
761 3084 840 3148 Inter
855 3086 932 3164 ¹bene
963 3086 1152 3164 clarissimum

174 3207 280 3250 nornen
301 3183 411 3262 Rheni,
433 3185 471 3248 de
493 3207 551 3269 quo
574 3208 661 3270 supra
683 3185 817 3262 diximus,
839 3199 869 3250 et
889 3186 1029 3250 Danubii.
1073 3184 1152 3248 Clari

174 3307 289 3371 quoque
311 3308 421 3364 amnes,
442 3285 573 3364 Moenus,
596 3285 746 3369 Visurgis„
759 3287 854 3350 Albis.
905 3287 1070 3363 Danubius,
1091 3307 1152 3348 om·

236 3473 494 3538 ‘ravennas
620 3475 806 3539 assensn
917 3473 1098 3538 esmant

237 3550 492 3615 tenerrima.
620 3553 726 3615 wasa
918 3553 1019 3616 araas
1089 3595 1096 3616 ,

236 3627 479 3694 measse>
617 3629 808 3694 ‘taem
