2656 4304
179 411 240 476 118
420 431 459 474 or
481 429 549 472 nun
571 429 761 473 samninus
782 429 847 472 mr>
867 429 934 472 unu

174 579 246 657 solo,
267 601 359 642 novas
380 578 464 641 sedas
486 577 686 661 quaesiverunt.
730 577 795 640 Hos
820 577 994 656 Cassander,
1016 599 1069 641 rex
1090 577 1164 642 Ma·

174 681 314 757 sedoniae,
339 680 368 741 in
396 679 565 742 societatem
593 679 751 762 accepisse,
780 701 920 762 agrosque
947 678 977 740 in
1006 677 1160 742 extremh‘

175 779 355 843 Macedoniis
368 779 528 862 assignhsse
543 779 655 842 dicitur.

219 883 272 943 40.
296 879 366 942 lam
391 880 429 942 de
454 879 571 963 Scythis
594 901 688 962 pauca
710 879 832 942 dicenda
853 891 929 941 sunt.
972 879 1158 942 Temsinr'ttur

176 979 299 1063 Scythia
320 981 358 1043 ah
378 1001 438 1042 uno
459 979 549 1042 latere
570 979 667 1042 Ponto
689 979 818 1056 Euxino,
840 979 877 1042 ah
899 978 989 1041 altero
1010 979 1158 1042 montibus

176 1077 318 1162 Rhipaeis,
340 1101 359 1142 a
382 1095 463 1162 tergo
488 1081 562 1143 Asia
586 1094 616 1142 et
641 1079 769 1142 Phaside
790 1079 919 1142 flumine.
964 1077 1058 1142 Vasta
1079 1080 1158 1162 regio

176 1179 261 1242 nullis
297 1179 356 1242 sere
392 1181 468 1242 intus
503 1181 608 1243 finrhus
644 1179 787 1243 dividitur.
845 1179 963 1262 Scythae
996 1179 1072 1241 enim
1101 1201 1157 1242 nee

176 1299 277 1361 agrum
299 1294 446 1357 exercent,
467 1303 524 1344 nec
544 1296 637 1344 certas
658 1281 741 1343 sedes
762 1279 880 1356 habent,
902 1281 954 1342 sed
976 1293 1105 1342 armenta
1126 1291 1157 1341 et

176 1380 285 1461 pecora
317 1395 470 1464 pascentes
502 1403 554 1465 per
582 1379 704 1444 incultas
735 1380 903 1442 solitudines
935 1387 1027 1443 enare
1054 1381 1156 1444 solent.

176 1477 293 1543 Uxores
318 1480 479 1565 liberosque
503 1503 602 1544 secum
631 1480 660 1542 in
690 1480 821 1564 plaustris
846 1481 966 1543 vehunt.
1009 1479 1103 1544 Lacte
1127 1495 1157 1544 et

176 1579 264 1642 melle
289 1595 445 1644 vescuntur
452 1603 461 1658 ;
491 1603 592 1644 auntm
617 1594 647 1643 et
669 1595 829 1664 argentum,
853 1580 934 1664 cujus
959 1581 1055 1644 nullus
1080 1581 1157 1665 apud

177 1701 227 1742 eos
241 1702 310 1744 usus
324 1695 378 1758 est,
393 1695 590 1766 aspernantur.
634 1680 767 1764 Corpora
781 1680 921 1764 pellrhus⁶
938 1681 1072 1743 vestiunt.

220 1785 274 1844 41.
300 1781 430 1844 Diversae
451 1795 519 1844 sunt
540 1781 715 1865 Scytharum
738 1794 849 1863 genteS,
871 1781 1032 1864 diversique
1053 1803 1155 1844 moret.

177 1880 262 1958 Sunt,
292 1880 342 1965 qui
377 1881 477 1944 funem
512 1873 664 1965 par'entum
701 1879 778 1943 lestis
813 1881 956 1943 sacrificiis
987 1881 1156 1958 celebrentf

176 2001 334 2066 conumque
358 1981 503 2066 capitibus
527 1977 642 2045 arthure
670 1981 805 2065 expolitis
830 1989 957 2064 auroque
978 1981 1081 2045 vinctis
1106 2003 1158 2066 pro

177 2081 289 2166 puerilis
303 2096 428 2144 utantur.
472 2081 631 2165 Agathyrsi
645 2104 695 2144 ora
710 2095 740 2144 et
753 2082 876 2166 corpora
898 2082 1030 2165 pingunt,
1045 2082 1172 2166 idque*.

177 2181 278 2248 tanto‘
296 2181 398 2264 magis,
413 2195 522 2266 quanto
536 2183 612 2265 quis'
635 2182 831 2245 illustrionhus
853 2183 960 2264 gaudet
980 2183 1160 2268 majorinus!

177 2281 213 2360 li,
249 2282 298 2367 qui
334 2283 495 2346 Tauricam
530 2281 745 2346 Chersonesum
782 2283 921 2360 incolunt,
959 2283 1160 2366 antiquissimis

178 2384 356 2466 temporrhus
379 2383 508 2446 advenas
533 2383 638 2446 Diana
663 2383 841 2446 mactabant.
885 2383 1006 2446 intentis
1028 2384 1160 2446 habitan-

177 2495 221 2544 tes
234 2481 354 2548 ceteris‘
372 2483 499 2547 rudiores
515 2497 592 2545 sunt.
635 2481 723 2544 Bella
744 2497 852 2559 amant,
867 2498 897 2546 et
919 2484 976 2567 quo
999 2484 1073 2567 quis‘
1096 2485 1161 2568 plu-

176 2601 222 2644 res
237 2580 333 2643 hostes
347 2580 530 2658 interemerit,
545 2581 602 2643 eh*
619 2583 728 2666 majore
743 2581 954 2648 existimatione
973 2586 1051 2668 apud
1071 2584 1159 2648 suosl

177 2679 310 2744 hahetur.
362 2679 411 2744 Ne
439 2680 549 2744 scarleta
579 2682 695 2765 quidem
723 2683 872 2747 inementa
901 2699 977 2748 sunt.
1022 2685 1161 2748 Sauciant

177 2801 209 2844 se
238 2780 286 2865 qui
316 2780 509 2866 paciscuntur,
538 2782 766 2868 sanguinemque
798 2786 966 2868 permistum
997 2787 1160 2868 degustant.

177 2881 213 2944 ld
227 2881 294 2944 fidei
309 2882 413 2964 pignus
426 2882 619 2946 certissimum
633 2905 697 2946 esse
712 2898 824 2968 putant.

220 2984 274 3043 ta.
299 2980 435 3044 Maxima
458 2982 611 3046 fluminum
637 2984 842 3068 Scythicorum
867 2999 935 3048 sunt
956 2985 1038 3062 Ister,
1062 2985 1162 3068 quiet

178 3080 332 3144 Danubius
347 3089 475 3159 vocatur,
491 3096 520 3146 et
534 3082 744 3167 Borysthenes.
788 3084 838 3148 De
855 3085 928 3148 Istro
942 3087 1029 3168 suprh
1050 3086 1161 3148 dictum

178 3183 242 3246 est*
286 3182 495 3267 Borysthenes,
517 3205 555 3246 ex
576 3183 681 3266 ignotis
703 3183 938 3262 fontanetus,
961 3185 1162 3268 liquidissimae

546 3429 559 3454 *
577 3429 674 3493 Supply
684 3403 792 3493 sociarat.

243 3549 256 3572 ⁸
270 3548 283 3610 ξ
297 3547 353 3609 205,
365 3548 397 3596 R.
409 3549 448 3597 17.
544 3548 557 3582 ι
571 3548 584 3611 ξ
598 3548 655 3610 256,
666 3549 697 3598 R.
710 3552 749 3600 16.
844 3551 953 3613 ¹§256.

243 3625 253 3660 ⁵
270 3625 353 3688 ξω»
364 3624 384 3673 Ῑ·
544 3627 554 3651 ¹
572 3626 585 3688 l
600 3627 655 3689 137,
670 3629 693 3689 lt
704 3630 747 3692 (θ’)
834 3619 887 3690 q
898 3629 954 3690 205,
965 3627 997 3676 R·
1007 3629 1031 3690 ⁷5
1041 3629 1087 3692 (lt)
1099 3627 1132 3677 N·

244 3705 254 3729 ⁶
268 3703 281 3767 ξ
295 3703 351 3764 264,
361 3703 385 3752 6.
542 3703 558 3745 s
571 3705 584 3768 ξ
598 3705 654 3767 245,
666 3705 691 3754 ll
842 3704 851 3737 ¹
870 3705 883 3770 ξ
896 3705 953 3758 W.
963 3705 1022 3768 Ill„
1034 3705 1066 3754 R.
1079 3706 1101 3754 1.
