2656 4304
199 403 262 468 102
547 415 655 460 nouas
678 415 825 463 uuaour.

368 569 399 632 9.
430 565 510 630 Hinc
531 565 594 651 jam
616 563 729 628 bellum
752 562 1014 637 eivsse’sucscss'n
1035 583 1094 647 quo
1118 563 1195 630 Ru-

324 667 405 732 rnr'uti
439 666 564 732 nominis
592 665 706 730 sortr’rna
733 670 845 728 muttte
878 676 933 754 θεῖε
976 661 1076 728 Caesar
1105 663 1192 728 enim

325 769 417 832 victor
431 791 450 830 e
466 767 566 830 Gallia
586 766 709 842 rediens,
731 741 835 828 absffls
855 763 948 848 ooepit
968 765 1090 847 poscite
1111 766 1192 828 altri-

196 889 260 932 rum
281 869 484 946 consulatum
513 889 601 952 quem
626 888 717 950 quum
738 864 828 948 ediqui
848 865 910 928 sine
932 865 1111 930 dubitatione
1131 867 1190 930 de-

197 967 327 1046 ferrent,‘
342 969 552 1032 contradictum
566 965 629 1030 est⁶
645 989 664 1028 a
678 965 822 1049 Pompeio
833 978 863 1028 ct
877 964 948 1041 aliis,
959 963 1114 1049 jussusque
1128 982 1188 1043 est,

198 1069 318 1131 dimissis
343 1069 525 1144 exercitibus,
551 1067 581 1128 in
609 1067 711 1130 urbem
738 1067 841 1142 redire,
884 1063 1009 1148 Propter
1033 1065 1110 1128 hanc
1138 1067 1188 1128 in-

193 1168 298 1252 juriam
312 1169 350 1229 ab
365 1167 509 1244 Arimino,
523 1167 574 1229 ubi
586 1167 694 1230 milites
714 1171 907 1248 congregatos
926 1165 1064 1242 habebat,
1079 1165 1188 1230 infesto

197 1268 327 1329 exercitu
363 1266 493 1330 Romam
528 1267 687 1330 contendit.
742 1265 887 1330 Consules
922 1287 992 1328 cum
1027 1265 1185 1348 Pompeio,

196 1381 371 1450 senatusque
384 1367 477 1430 omnis
492 1381 580 1450 atque
599 1369 734 1432 universa
755 1365 890 1428 nobilitas
904 1386 943 1428 ex
964 1365 1035 1427 urbe
1057 1365 1137 1447 fingit,
1151 1381 1185 1430 et

196 1467 227 1528 in
249 1466 394 1530 Graeciam
415 1468 545 1544 transiit3
568 1481 607 1544 et,
630 1469 700 1530 dum
722 1473 839 1530 senatus
860 1465 971 1528 bellum
991 1479 1091 1530 cortun
1114 1465 1185 1528 Cae-

196 1565 291 1630 adrem
320 1569 451 1652 parabat,
479 1568 528 1632 hic
557 1589 682 1632 vacuam
710 1568 812 1630 urbem
840 1587 982 1647 ingressus
1012 1566 1183 1629 dictatorem

196 1689 229 1730 se
250 1669 328 1732 fecit.
944 1737 945 1743 ἵ

243 1772 293 1828 10.
323 1767 398 1828 Inde
424 1767 581 1848 Hispanias
603 1767 685 1850 petit,
706 1765 807 1849 ibique
827 1763 964 1848 Pompeii
985 1765 1112 1846 legiones
1133 1787 1183 1828 su·

197 1865 326 1949 peravit;
347 1865 452 1926 tumin
473 1865 589 1928 Graeciri
610 1866 763 1930 adversum
785 1865 961 1948 Pompeium
983 1887 1080 1948 ipsum
1101 1865 1182 1928 dinti-

196 1964 284 2028 civit.
328 1963 428 2028 Primo
450 1966 551 2049 proelio
574 1966 667 2030 victus
688 1979 732 2028 est
753 1979 783 2028 et
803 1965 939 2048 fugitum
960 1965 1052 2028 evasit
1073 1979 1180 2042 tamen,

197 2065 265 2148 quia
285 2080 372 2128 nocte
393 2065 602 2128 interveniente
624 2066 784 2150 Pompeius
808 2065 890 2150 sequi
911 2065 1020 2142 noluit3
1053 2065 1181 2148 dixitque

197 2163 306 2242 Caesar,
321 2166 390 2228 nec‘
413 2165 590 2249 Pompeium
604 2166 677 2230 scire
692 2166 819 2243 vincire,
834 2180 864 2228 et
878 2166 927 2228 illo
947 2165 1060 2228 tantum
1082 2165 1129 2228 die
1149 2187 1181 2228 se

196 2265 324 2347 potuisse
346 2266 483 2349 superari.
505 2259 509 2267 ’
528 2267 647 2330 Deinde
671 2267 701 2329 in
726 2266 882 2330 Thesseiib
906 2267 985 2349 apud
1010 2265 1180 2328 Pharsetum

196 2365 361 2448 ingentibus
383 2367 517 2450 utrinque
541 2368 633 2451 copiis
655 2367 813 2432 commissis
836 2367 1055 2430 dimicaverunt.
1098 2364 1180 2428 Nun-

197 2487 284 2548 quam
313 2467 409 2529 adhuc
446 2467 589 2530 Rombnae
618 2468 709 2550 copie
738 2466 861 2551 majores
890 2487 986 2550 neque
1017 2465 1179 2530 melioribus

196 2564 334 2626 ducibusd
360 2566 568 2628 convenerant.
612 2566 780 2656 Pugnatum
809 2565 871 2628 est'
902 2565 1011 2649 ingenti
1040 2566 1178 2630 conteuti-

197 2670 264 2739 one,
279 2663 430 2748 victusque
448 2665 485 2726 ad
507 2671 684 2748 postremum
702 2663 872 2748 Pompeius,
888 2679 918 2728 et
938 2681 1031 2730 eastra
1053 2666 1114 2750 ejus
1136 2665 1176 2726 di-

195 2775 278 2846 repta
304 2777 380 2826 sunt.
425 2763 493 2847 Ipse
518 2764 633 2847 fugatus
661 2765 873 2828 Alexandriam
898 2765 989 2850 petiit,
1013 2779 1046 2828 ut
1071 2787 1089 2828 a
1114 2785 1178 2847 rege

196 2864 331 2946 AEgypti‚
345 2864 393 2926 cui
415 2878 492 2926 tutor
513 2886 530 2926 a
552 2872 655 2928 senitu
676 2865 760 2927 datus
782 2864 884 2942 suerat,
899 2866 1046 2950 accipitet
1065 2864 1176 2928 auxilia.

196 2962 241 3024 At
264 2963 312 3026 hic
341 2962 484 3026 sortimam
505 2965 601 3045 magis
631 2966 719 3048 quim
744 2964 900 3028 amicitiam
924 2972 1050 3042 secutus,
1075 2964 1177 3028 occidit

196 3061 384 3146 Pompeium,
408 3076 499 3146 caput
527 3062 588 3147 ejus
617 3077 647 3126 et
676 3064 815 3128 aonidum
843 3065 954 3128 Caesairi
980 3065 1067 3128 misit.
1110 3063 1176 3136 Quo

195 3178 364 3246 conspecto,
386 3160 487 3226 Caesar
506 3164 651 3248 lacrymas
673 3165 779 3228 fudisse
801 3165 915 3243 dicitur,
936 3165 1009 3228 tanti
1035 3164 1087 3228 viri
1106 3164 1176 3240 intu-

196 3283 248 3324 ens
262 3278 361 3346 caput,
376 3277 406 3326 et
419 3264 546 3346 generi*
560 3266 708 3348 quondam
722 3265 776 3327 sui.

197 640 230 688 A.
241 637 274 690 U.

206 717 262 766 ⁷05.

196 3527 212 3576 d
226 3451 368 3576 :dPompey
378 3457 484 3504 married
499 3455 575 3518 Julia,
586 3455 629 3503 the
641 3455 764 3521 daughter
778 3458 809 3506 of
821 3458 923 3517 cosan
939 3457 986 3506 but
995 3456 1041 3506 she
1052 3471 1105 3506 wan
1120 3469 1173 3504 now

213 3542 227 3577 e
261 3563 268 3576 .

257 3619 297 3684 *t
312 3620 448 3684 145‚11.t.
575 3624 683 3688 ‘ture
694 3626 726 3674 a.
737 3629 761 3674 r.
890 3627 900 3651 ·
915 3627 928 3690 t
942 3626 1042 3690 anese.
1053 3624 1133 3690 aot

259 3697 399 3762 ‘treta
573 3703 683 3766 atsto,
694 3703 743 3752 111.
