2656 4304
463 466 598 508 nameus
622 467 661 508 or
683 465 865 518 numerurm
1093 445 1154 508 115

174 615 308 699 AEgaeum
325 637 403 678 mare
425 629 454 677 et
476 613 600 692 ionium,
615 634 668 696 per
690 633 776 694 quem
797 634 864 674 cum
886 611 1038 694 Megaride
1058 613 1154 677 cohae·

173 731 227 792 ret,
249 715 373 778 Isthmus
397 715 569 798 appellatur.
614 713 650 774 in
672 734 708 773 eo
729 711 871 794 templum
892 711 1021 795 Neptuni
1043 729 1095 791 est,
1115 713 1153 778 ad

174 816 251 899 quod
266 816 325 877 ludi
347 815 532 878 celebrantur
552 810 695 874 Isthmici.
739 811 853 874 ibidem
874 812 904 873 in
924 811 987 895 ipso
1008 813 1155 896 Pelopon-

172 915 235 978 nesi
256 917 348 992 aditu,
366 914 526 978 Corinthus
547 913 601 974 sita
622 925 674 988 ert,
696 912 764 976 urbs
787 911 994 994 antiquissima,
1016 933 1054 974 ex
1074 913 1156 996 cujus

172 1015 305 1078 summt‘*
321 1037 400 1090 aree,
417 1010 675 1098 (Acrocorinthoffl
691 1012 885 1096 appellantff)
905 1025 1058 1094 utmmque
1079 1031 1158 1074 mara

173 1115 361 1197 conspicitur.
406 1112 509 1186 Quum
536 1112 641 1195 opssrus
669 1111 792 1189 florinet,
817 1111 1024 1194 maritimisque
1048 1111 1159 1174 valeret

174 1213 277 1296 copiis,
292 1213 389 1296 gravia
402 1213 480 1275 bella
500 1212 595 1294 gessit
639 1209 674 1274 ln
690 1212 767 1275 bello
782 1211 928 1292 Achaico,
944 1211 1022 1294 quod
1043 1209 1157 1274 Roma-

173 1313 204 1374 ni
225 1335 294 1375 oum
315 1311 423 1376 Graeois
444 1317 602 1394 gesserunt,
623 1312 816 1395 pulcherrima
836 1313 915 1388 urbs,
938 1333 1025 1393 quam
1047 1310 1156 1374 cicero

174 1411 293 1476 Graeciae
307 1412 405 1474 lumen
419 1412 557 1496 appellat,
572 1434 591 1474 a
604 1411 644 1474 L.
658 1411 806 1474 Mummio
827 1418 995 1494 expugnata
1016 1411 1157 1474 funditus·

176 1533 233 1594 que
256 1512 352 1574 deleta
374 1526 427 1576 est.
471 1511 613 1574 Restituit
633 1533 701 1574 eam
721 1511 816 1574 Julius
837 1510 946 1588 Cesar,
967 1509 1156 1592 colonosque‘

178 1610 214 1672 ed
228 1611 332 1674 milites
346 1618 496 1674 veteranos
515 1610 604 1672 misit.
1057 1636 1059 1640 ¹
1173 1660 1182 1665 -

218 1713 272 1772 33.
295 1708 409 1772 Nobilis
432 1723 476 1772 est
499 1710 529 1772 in
554 1709 760 1792 Peloponnr’rso
783 1709 850 1772 urbs
873 1707 1024 1792 Olympia,
1047 1708 1157 1791 templo

173 1805 256 1870 Jovis
278 1807 410 1891 Olympii
431 1829 467 1871 ac
491 1809 587 1871 statut
608 1809 731 1871 illustris.
775 1808 878 1872 Statua
900 1829 938 1870 ex
960 1809 1046 1872 ebrire
1067 1807 1155 1886 saeta,

172 1905 282 1970 Phidia
316 1907 421 1970 summi
456 1907 577 1971 artificis
616 1924 689 1991 opus
729 1907 1002 1992 prestantissimum.
1057 1908 1156 1991 Prope

172 2006 244 2070 iliud
271 2007 413 2090 templum
442 2009 481 2070 ad
509 2007 622 2091 Alphei
648 2007 776 2070 ,fluminis
797 2007 873 2091 ripas
893 2007 955 2068 iudi
975 2007 1157 2070 celebrantur

172 2105 334 2190 Olympici,
349 2108 388 2170 ad
402 2129 473 2190 quos
495 2107 649 2170 ridendos*¹
672 2129 711 2170 ex
732 2108 795 2170 totd
816 2107 934 2170 Graeoid
954 2105 1155 2169 concurritur!

174 2206 226 2268 Ab
239 2206 284 2268 his
296 2207 371 2268 ludis
385 2205 491 2268 Graeoa
505 2227 575 2288 gens
589 2227 635 2268 res
650 2220 744 2288 gestas
758 2227 825 2268 suas
839 2205 983 2267 numtirat.

226 2308 279 2370 34.
313 2304 380 2368 Neo
416 2305 521 2388 Sparta
556 2306 755 2387 pretereunda
786 2318 839 2382 est,
870 2305 938 2365 urbs
973 2304 1158 2382 nobilissima,

175 2427 263 2488 quam
277 2405 409 2488 Lycurgi
427 2405 516 2486 leges,
531 2403 697 2486 civiumque
719 2404 807 2466 virtus
829 2417 859 2466 et
880 2403 1017 2487 patientia
1037 2405 1159 2468 illustra·

174 2505 241 2570 vit!
282 2503 373 2567 Nulla
398 2503 458 2566 fere
483 2525 555 2586 gens
584 2504 691 2566 bellica
718 2503 823 2566 laude‘
850 2504 942 2586 magis
966 2504 1069 2581 floruit,
1092 2506 1157 2588 piu·

174 2627 276 2688 resque
304 2605 379 2668 viros
408 2603 494 2666 sortes
522 2616 745 2686 constantesque
774 2604 881 2685 genuit.
926 2603 999 2666 Urbi
1022 2605 1156 2668 imminet

174 2725 258 2767 mons
272 2703 436 2786 Taigietus,
452 2703 500 2787 qui
519 2703 665 2786 usquead
681 2703 839 2766 Arcadiam
861 2705 1008 2786 procurrit.
1051 2705 1157 2767 Proxi-

174 2804 223 2866 me
238 2803 359 2866 urbem*
382 2803 506 2868 Eurotas
523 2803 627 2866 fluvius
649 2803 800 2880 delabitur,
816 2803 854 2866 ad
875 2802 957 2888 cujus
979 2802 1054 2886 ripas
1069 2803 1157 2886 Spar-

175 2904 235 2968 tini
256 2925 288 2966 se
310 2909 446 2966 exercere
467 2904 610 2966 solebant.
654 2904 689 2966 ln
701 2904 803 2966 Sinum
824 2903 1009 2967 Laconicum
1031 2903 1156 2968 effundi·

174 3018 228 3066 tur.
280 3003 371 3070 Haud
399 3004 499 3086 procul
529 3003 598 3066 inde
626 3004 708 3066 abest
737 3004 960 3088 promontorium
988 3005 1155 3082 Taenairum,

174 3103 223 3166 ubi
247 3103 375 3166 altissimi
400 3125 515 3186 specus²
539 3125 591 3187 per
617 3125 688 3187 quos
716 3104 870 3188 Orpheum
899 3105 937 3167 ad
965 3104 1077 3166 instiros
1106 3106 1154 3165 de·

174 3203 320 3266 seendisse
335 3203 471 3266 narrant}

216 3307 268 3367 35.
299 3303 385 3366 Mare
413 3304 559 3386 AEgaeum‚
585 3303 658 3366 inter
686 3289 829 3368 Graeoiam
857 3303 1018 3386 Asiamque
1043 3315 1146 3386 patens

505 3496 519 3522 ⁴
536 3496 634 3560 Supply
645 3513 725 3561 prtum
744 3497 827 3560 §23st

223 3588 262 3652 ’ξ
276 3588 332 3651 205,
343 3587 374 3636 R.
386 3589 425 3638 17.
512 3588 525 3622 ¹¹
540 3589 551 3651 ξ
566 3589 622 3652 275,
638 3589 697 3652 111,
711 3589 742 3641 R.
753 3589 777 3640 3.
873 3590 888 3624 ¹
902 3591 915 3654 ξ
928 3591 983 3641 250.

223 3665 307 3730 1554
510 3666 654 3728 ’ξ184,2.
871 3667 1114 3733 ⁸§235,(5‚)R„5.

225 3743 410 3808 'smum
511 3743 550 3806 si
565 3744 771 3808 209‚R.12,(³.)
872 3747 881 3779 ¹
900 3746 983 3809 1209,
994 3745 1026 3793 R.
1036 3744 1062 3804 2,
1072 3744 1119 3806 (21
