2656 4304
199 423 260 485 tao
437 443 476 484 or
498 441 565 484 rna
587 441 780 486 onounmnr
801 443 866 486 run
887 443 953 486 run

194 589 322 654 eeldmm
347 590 476 652 desertae.
520 589 621 654 Prima
646 613 712 674 pars
735 593 772 656 ab
793 591 947 655 occidente
971 606 1015 655 est
1036 591 1181 658 Maurita-

194 689 252 752 nia.
296 690 342 752 Ibi
360 713 443 752 mons
465 691 599 774 praaltus
619 692 731 776 Abp‘la,
746 692 849 776 Calpae
871 693 961 754 monti
983 693 1012 754 in
1036 692 1183 776 Hispaniis

194 791 354 872 oppositus.
408 789 449 899 lh
484 805 597 854 montes
633 793 777 855 columne
815 791 949 855 Herctilis
985 794 1180 876 appellantur.

194 889 291 952 Fama
311 904 365 968 est,
388 911 456 954 ante
482 890 641 956 lleretilem
662 915 742 956 mare
765 893 908 956 internum
935 893 1013 955 terris
1035 893 1179 956 inclusum

194 989 290 1068 fuisse,
305 1014 360 1054 nec
375 992 486 1054 exitum
508 993 642 1056 habuisse
663 993 692 1055 in
708 993 882 1070 Oceitnum3
906 991 1065 1056 Hemtilem
1080 1007 1179 1056 autem

195 1089 313 1174 junctos
338 1106 451 1154 montes
477 1093 622 1155 diremisse
645 1107 674 1156 et
697 1093 926 1178 mare-junxisse
948 1115 1016 1156 cum
1042 1093 1176 1156 Oceino.

194 1188 336 1252 Ceterum
355 1192 433 1274 regio
454 1193 503 1256 illa
525 1206 569 1255 est
595 1193 728 1276 ignobilis
753 1207 783 1257 et
808 1193 903 1278 parvis
924 1193 1037 1256 tannim
1061 1192 1178 1276 oppidis

193 1289 347 1354 habitetur.
392 1292 493 1355 Solum
508 1293 610 1356 melius
625 1295 714 1377 quim
728 1293 839 1356 inorilae.

237 1396 289 1456 73.
313 1390 452 1455 Numidia
466 1393 557 1476 magis
574 1394 654 1456 culta
668 1407 698 1456 et
718 1393 888 1477 opulentior.
933 1393 978 1456 lbi
1000 1393 1068 1456 satis
1089 1394 1177 1476 longo

193 1515 213 1557 a
235 1494 331 1558 littore
352 1493 503 1557 intervallo
527 1515 603 1569 serre,
621 1508 777 1558 cernuntur
802 1498 897 1556 attrita
922 1493 1069 1571 fluctibus,
1087 1494 1175 1578 spinae

194 1594 326 1678 piscium,
351 1609 568 1679 ostreorumque
592 1595 762 1678 fragmenta,
785 1595 897 1658 ancorae
926 1594 1013 1657 etiem
1042 1595 1174 1658 cautinus

193 1695 297 1772 intixae,
313 1709 343 1758 et
357 1696 413 1758 alia
428 1695 568 1780 ejusmddi
589 1696 671 1777 signa
692 1695 777 1758 maris
797 1695 867 1756 olim
888 1717 979 1778 usque
1001 1695 1039 1756 ad
1054 1716 1089 1757 ea
1109 1695 1174 1756 loca

193 1793 286 1855 effirsi.
337 1793 475 1856 Finitima
497 1795 585 1876 regio,
607 1817 625 1856 a
647 1795 840 1877 pmmontorio
861 1793 1032 1876 Metagonio
1054 1795 1091 1856 ad
1112 1815 1174 1856 eres

193 1892 398 1980 Philaenorum,
414 1893 527 1978 proprie
547 1901 667 1958 vocetur
688 1894 800 1956 Africa.
844 1893 940 1957 Urbes
954 1893 983 1956 in
999 1894 1036 1957 eti
1049 1893 1175 1957 celeber·

193 1993 272 2056 rimae
297 1991 388 2056 Utica
413 2007 443 2056 et
470 1993 629 2077 carnago,
655 1995 747 2057 ambe
777 2017 795 2057 a
823 1993 1013 2057 Phoeniedrus
1041 1993 1173 2056 conditae.

194 2091 404 2178 Carthaginem
429 2094 542 2172 divitia,
564 2095 727 2158 mercaturi
746 2095 885 2178 imprimis
906 2093 1090 2178 comparatae',
1112 2108 1173 2155 tum

193 2193 354 2260 bellacum
368 2194 512 2258 Romanis
527 2209 618 2278 gesta,
633 2195 778 2259 excidium
793 2195 920 2278 denique
935 2193 1110 2258 illustravit?

236 2299 289 2358 74.
315 2295 365 2359 De
389 2295 445 2361 aris
473 2295 670 2360 Philaendmm
697 2297 761 2360 haeo
789 2309 948 2358 narrantur.
1003 2293 1174 2358 Pertinacis·
1240 2303 1244 2310 '

193 2397 267 2459 sima
295 2395 388 2460 finiret
412 2397 559 2460 contentio
587 2397 660 2460 inter
688 2395 898 2478 Carthaginem
926 2408 956 2457 et
981 2393 1114 2478 Cyrenas
1138 2395 1174 2456 de

193 2495 308 2558 finrhus.
352 2497 491 2560 Tandem
513 2495 645 2580 placuit,⁵
663 2496 796 2578 utrinque
817 2495 921 2558 eddem
942 2495 1073 2578 tempore
1089 2494 1174 2578 juve·

193 2616 246 2658 nes
267 2594 350 2672 mitti,
372 2609 402 2658 et
423 2597 530 2672 locum,
553 2596 612 2678 qud
633 2595 844 2671 convenissent,
867 2616 919 2678 pro
940 2595 1045 2658 finnus
1065 2593 1173 2656 haberi.

193 2693 475 2778 Carthaginiensium
496 2695 593 2778 legiti
615 2695 738 2757 Philaeni
767 2695 874 2771 lintres,
897 2695 985 2777 pauld
1009 2707 1077 2756 unte
1102 2708 1173 2756 tem-

194 2817 249 2880 pus
263 2796 450 2859 constitutum
472 2796 576 2878 egressi
591 2819 654 2874 esse
675 2797 819 2859 dicuntur.
863 2794 955 2868 Quod
977 2816 1066 2878 quum
1081 2793 1173 2878 Cyre-

194 2896 327 2958 nensium
352 2897 438 2978 legati
464 2897 681 2973 intellexissent,
702 2896 866 2978 magnique
887 2908 987 2956 exorta
1009 2907 1084 2956 esset
1104 2916 1173 2956 con·

194 2993 294 3072 tentio,
311 2996 430 3057 tandem
451 2995 636 3079 Cyrenenses
658 2996 801 3072 dixtimnt,
819 3017 851 3057 se
871 3008 934 3057 tum
956 2995 1074 3056 demum
1094 2993 1171 3056 hune

193 3094 290 3158 locum
314 3117 367 3179 pm
389 3095 493 3159 finrhus
517 3096 663 3160 habituros
689 3118 761 3172 esse,
786 3095 810 3158 si
832 3094 954 3157 Philaeni
978 3116 1010 3156 se
1032 3094 1071 3156 ibi
1094 3094 1173 3156 vivos

193 3195 275 3258 obrui
304 3196 380 3279 passi
409 3197 527 3259 essent.⁶
580 3197 626 3258 Illi
650 3196 845 3259 conditionem
871 3199 1057 3276 acceperunt.
1102 3192 1174 3255 Car-

194 3296 386 3378 thaginienses
411 3311 509 3360 autem
533 3297 668 3360 animosis
690 3296 847 3381 juvenrhus
871 3295 900 3356 in
926 3295 979 3356 illis
1004 3293 1073 3377 ipsis
1095 3291 1172 3367 loeis,

194 3396 244 3458 ubi
261 3395 319 3458 vivi
340 3396 446 3480 sepulti
467 3411 545 3476 sunt,
559 3419 622 3459 aras
643 3401 894 3472 consecmverunt,
910 3415 1068 3478 eorumque
1090 3393 1174 3455 virtri-

193 3509 253 3560 tem
268 3498 378 3560 aeternis
392 3498 548 3561 honoribus
562 3497 706 3588 prosecuti
720 3511 796 3560 sunt.

289 3659 552 3784 mansurae.)
696 3719 804 3783 tenes.
945 3714 1120 3782 ‘stenae
