<?xml version="1.0" encoding="UTF-8"?>
<!DOCTYPE html PUBLIC "-//W3C//DTD XHTML 1.0 Transitional//EN"
    "http://www.w3.org/TR/xhtml1/DTD/xhtml1-transitional.dtd">
<html xmlns="http://www.w3.org/1999/xhtml" xml:lang="en" lang="en">
 <head>
  <title>
</title>
<meta http-equiv="Content-Type" content="text/html;charset=utf-8" />
  <meta name='ocr-system' content='tesseract 3.04.00' />
  <meta name='ocr-capabilities' content='ocr_page ocr_carea ocr_par ocr_line ocrx_word'/>
</head>
<body>
  <div class='ocr_page' id='page_1' title='image "./firstpartjacobs00brewgoog_0122.png"; bbox 0 0 2656 4304; ppageno 0'>
   <div class='ocr_carea' id='block_1_1' title="bbox 463 401 1154 473">
    <p class='ocr_par' dir='ltr' id='par_1_1' title="bbox 463 401 1154 473">
     <span class='ocr_line' id='line_1_1' title="bbox 463 401 1154 473; baseline 0.007 -15"><span class='ocrx_word' id='word_1_1' title='bbox 463 415 598 460; x_wconf 68' lang='lat' dir='ltr'><strong>noricus</strong></span> <span class='ocrx_word' id='word_1_2' title='bbox 621 415 661 458; x_wconf 79' lang='lat' dir='ltr'><strong>or</strong></span> <span class='ocrx_word' id='word_1_3' title='bbox 683 417 865 473; x_wconf 71' lang='lat' dir='ltr'><strong>mmournr.</strong></span> <span class='ocrx_word' id='word_1_4' title='bbox 1095 401 1154 464; x_wconf 94' lang='lat'><strong>111</strong></span> 
     </span>
    </p>
   </div>
   <div class='ocr_carea' id='block_1_2' title="bbox 165 561 1158 3346">
    <p class='ocr_par' dir='ltr' id='par_1_2' title="bbox 170 561 1155 949">
     <span class='ocr_line' id='line_1_2' title="bbox 171 561 1142 650; baseline 0.005 -23"><span class='ocrx_word' id='word_1_5' title='bbox 171 561 337 647; x_wconf 71' lang='lat' dir='ltr'><strong>aliquandiu</strong></span> <span class='ocrx_word' id='word_1_6' title='bbox 358 565 510 648; x_wconf 67' lang='lat' dir='ltr'><strong>potentii⁰</strong></span> <span class='ocrx_word' id='word_1_7' title='bbox 531 565 677 642; x_wconf 71' lang='lat' dir='ltr'><strong>florerent,</strong></span> <span class='ocrx_word' id='word_1_8' title='bbox 691 564 849 650; x_wconf 86' lang='lat' dir='ltr'><strong>copiasque</strong></span> <span class='ocrx_word' id='word_1_9' title='bbox 866 565 946 630; x_wconf 87' lang='lat' dir='ltr'><strong>haud</strong></span> <span class='ocrx_word' id='word_1_10' title='bbox 966 580 1142 632; x_wconf 89' lang='lat' dir='ltr'><strong>oontemncn</strong></span> 
     </span>
     <span class='ocr_line' id='line_1_3' title="bbox 171 664 1155 750; baseline 0.006 -24"><span class='ocrx_word' id='word_1_11' title='bbox 171 664 224 726; x_wconf 88' lang='lat' dir='ltr'><strong>das</strong></span> <span class='ocrx_word' id='word_1_12' title='bbox 246 664 365 742; x_wconf 64' lang='lat' dir='ltr'><strong>alitent,</strong></span> <span class='ocrx_word' id='word_1_13' title='bbox 388 666 543 750; x_wconf 84' lang='lat' dir='ltr'><strong>peregrinis</strong></span> <span class='ocrx_word' id='word_1_14' title='bbox 564 679 664 728; x_wconf 88' lang='lat' dir='ltr'><strong>tamen</strong></span> <span class='ocrx_word' id='word_1_15' title='bbox 687 665 857 750; x_wconf 80' lang='lat' dir='ltr'><strong>pleriimque</strong></span> <span class='ocrx_word' id='word_1_16' title='bbox 879 667 1001 730; x_wconf 74' lang='lat' dir='ltr'><strong>ducibus</strong></span> <span class='ocrx_word' id='word_1_17' title='bbox 1022 669 1050 730; x_wconf 92' lang='lat' dir='ltr'><strong>in</strong></span> <span class='ocrx_word' id='word_1_18' title='bbox 1073 669 1155 732; x_wconf 87' lang='lat' dir='ltr'><strong>bellis</strong></span> 
     </span>
     <span class='ocr_line' id='line_1_4' title="bbox 171 763 1155 849; baseline 0.007 -23"><span class='ocrx_word' id='word_1_19' title='bbox 171 765 334 843; x_wconf 87' lang='lat' dir='ltr'><strong>utebantur,</strong></span> <span class='ocrx_word' id='word_1_20' title='bbox 359 779 392 828; x_wconf 95' lang='lat' dir='ltr'><strong>ut</strong></span> <span class='ocrx_word' id='word_1_21' title='bbox 417 765 543 849; x_wconf 85' lang='lat' dir='ltr'><strong>Pyrrho,</strong></span> <span class='ocrx_word' id='word_1_22' title='bbox 568 787 637 847; x_wconf 88' lang='lat' dir='ltr'><strong>rege</strong></span> <span class='ocrx_word' id='word_1_23' title='bbox 662 763 756 848; x_wconf 86' lang='lat' dir='ltr'><strong>Epiri,</strong></span> <span class='ocrx_word' id='word_1_24' title='bbox 783 787 841 849; x_wconf 90' lang='lat' dir='ltr'><strong>quo</strong></span> <span class='ocrx_word' id='word_1_25' title='bbox 856 766 1009 849; x_wconf 69' lang='lat' dir='ltr'><strong>superato,</strong></span> <span class='ocrx_word' id='word_1_26' title='bbox 1033 768 1100 830; x_wconf 89' lang='lat' dir='ltr'><strong>urbs</strong></span> <span class='ocrx_word' id='word_1_27' title='bbox 1124 769 1155 833; x_wconf 87' lang='lat' dir='ltr'><strong>iu</strong></span> 
     </span>
     <span class='ocr_line' id='line_1_5' title="bbox 170 859 668 949; baseline 0 -23"><span class='ocrx_word' id='word_1_28' title='bbox 170 859 373 930; x_wconf 76' lang='lat' dir='ltr'><strong>Romanorum</strong></span> <span class='ocrx_word' id='word_1_29' title='bbox 389 872 565 949; x_wconf 70' lang='lat' dir='ltr'><strong>potestitem</strong></span> <span class='ocrx_word' id='word_1_30' title='bbox 579 865 668 927; x_wconf 86' lang='lat' dir='ltr'><strong>venit.</strong></span> 
     </span>
    </p>

    <p class='ocr_par' dir='ltr' id='par_1_3' title="bbox 166 964 1158 2444">
     <span class='ocr_line' id='line_1_6' title="bbox 213 964 1158 1042; baseline 0.004 -15"><span class='ocrx_word' id='word_1_31' title='bbox 213 968 266 1027; x_wconf 76' lang='lat'><strong>21.</strong></span> <span class='ocrx_word' id='word_1_32' title='bbox 297 965 441 1028; x_wconf 88' lang='lat' dir='ltr'><strong>Proxima</strong></span> <span class='ocrx_word' id='word_1_33' title='bbox 465 964 555 1027; x_wconf 77' lang='lat' dir='ltr'><strong>ltaliae</strong></span> <span class='ocrx_word' id='word_1_34' title='bbox 580 978 623 1027; x_wconf 85' lang='lat' dir='ltr'><strong>est</strong></span> <span class='ocrx_word' id='word_1_35' title='bbox 646 964 754 1042; x_wconf 86' lang='lat' dir='ltr'><strong>Sicilia,</strong></span> <span class='ocrx_word' id='word_1_36' title='bbox 775 964 869 1029; x_wconf 77' lang='lat' dir='ltr'><strong>instila</strong></span> <span class='ocrx_word' id='word_1_37' title='bbox 891 967 1051 1030; x_wconf 63' lang='lat' dir='ltr'><strong>&#39;omnimo‘</strong></span> <span class='ocrx_word' id='word_1_38' title='bbox 1071 968 1158 1031; x_wconf 82' lang='lat' dir='ltr'><strong>maris</strong></span> 
     </span>
     <span class='ocr_line' id='line_1_7' title="bbox 170 1063 1158 1150; baseline 0.004 -24"><span class='ocrx_word' id='word_1_39' title='bbox 170 1063 274 1128; x_wconf 90' lang='lat' dir='ltr'><strong>interni</strong></span> <span class='ocrx_word' id='word_1_40' title='bbox 290 1066 431 1142; x_wconf 72' lang='lat' dir='ltr'><strong>marinna.</strong></span> <span class='ocrx_word' id='word_1_41' title='bbox 474 1064 688 1150; x_wconf 85' lang='lat' dir='ltr'><strong>Antiquissimis</strong></span> <span class='ocrx_word' id='word_1_42' title='bbox 708 1065 887 1148; x_wconf 80' lang='lat' dir='ltr'><strong>temponlrus</strong></span> <span class='ocrx_word' id='word_1_43' title='bbox 901 1087 1051 1130; x_wconf 82' lang='lat' dir='ltr'><strong>eamcam</strong></span> <span class='ocrx_word' id='word_1_44' title='bbox 1071 1065 1158 1130; x_wconf 66' lang='lat' dir='ltr'><strong>Italia</strong></span> 
     </span>
     <span class='ocr_line' id='line_1_8' title="bbox 170 1163 1154 1249; baseline 0.005 -24"><span class='ocrx_word' id='word_1_45' title='bbox 170 1163 333 1240; x_wconf 71' lang='lat' dir='ltr'><strong>cohaesisse,</strong></span> <span class='ocrx_word' id='word_1_46' title='bbox 348 1163 491 1248; x_wconf 87' lang='lat' dir='ltr'><strong>marisque</strong></span> <span class='ocrx_word' id='word_1_47' title='bbox 510 1165 632 1249; x_wconf 63' lang='lat' dir='ltr'><strong>impetu,</strong></span> <span class='ocrx_word' id='word_1_48' title='bbox 647 1178 698 1227; x_wconf 87' lang='lat' dir='ltr'><strong>aut</strong></span> <span class='ocrx_word' id='word_1_49' title='bbox 719 1177 798 1227; x_wconf 83' lang='lat' dir='ltr'><strong>terne</strong></span> <span class='ocrx_word' id='word_1_50' title='bbox 818 1179 900 1228; x_wconf 91' lang='lat' dir='ltr'><strong>motu</strong></span> <span class='ocrx_word' id='word_1_51' title='bbox 921 1165 991 1229; x_wconf 91' lang='lat' dir='ltr'><strong>inde</strong></span> <span class='ocrx_word' id='word_1_52' title='bbox 1011 1166 1154 1230; x_wconf 86' lang='lat' dir='ltr'><strong>divulsam</strong></span> 
     </span>
     <span class='ocr_line' id='line_1_9' title="bbox 170 1263 1154 1348; baseline 0.004 -23"><span class='ocrx_word' id='word_1_53' title='bbox 170 1283 244 1340; x_wconf 65' lang='lat' dir='ltr'><strong>eme,</strong></span> <span class='ocrx_word' id='word_1_54' title='bbox 274 1263 426 1328; x_wconf 79' lang='lat' dir='ltr'><strong>verisinile</strong></span> <span class='ocrx_word' id='word_1_55' title='bbox 453 1278 506 1328; x_wconf 88' lang='lat' dir='ltr'><strong>est.</strong></span> <span class='ocrx_word' id='word_1_56' title='bbox 560 1263 670 1328; x_wconf 85' lang='lat' dir='ltr'><strong>Forma</strong></span> <span class='ocrx_word' id='word_1_57' title='bbox 696 1264 884 1348; x_wconf 73' lang='lat' dir='ltr'><strong>triangularis,</strong></span> <span class='ocrx_word' id='word_1_58' title='bbox 912 1265 954 1330; x_wconf 84' lang='lat' dir='ltr'><strong>ita</strong></span> <span class='ocrx_word' id='word_1_59' title='bbox 981 1279 1015 1329; x_wconf 91' lang='lat' dir='ltr'><strong>ut</strong></span> <span class='ocrx_word' id='word_1_60' title='bbox 1042 1266 1154 1344; x_wconf 63' lang='lat' dir='ltr'><strong>littere,</strong></span> 
     </span>
     <span class='ocr_line' id='line_1_10' title="bbox 170 1363 1154 1448; baseline 0.002 -22"><span class='ocrx_word' id='word_1_61' title='bbox 170 1383 259 1447; x_wconf 90' lang='lat' dir='ltr'><strong>quam</strong></span> <span class='ocrx_word' id='word_1_62' title='bbox 282 1363 378 1428; x_wconf 75' lang='lat' dir='ltr'><strong>Greci</strong></span> <span class='ocrx_word' id='word_1_63' title='bbox 405 1363 496 1428; x_wconf 84' lang='lat' dir='ltr'>Delta</span> <span class='ocrx_word' id='word_1_64' title='bbox 521 1378 639 1443; x_wconf 87' lang='lat' dir='ltr'><strong>vocant,</strong></span> <span class='ocrx_word' id='word_1_65' title='bbox 664 1365 822 1448; x_wconf 83' lang='lat' dir='ltr'><strong>imaginem</strong></span> <span class='ocrx_word' id='word_1_66' title='bbox 846 1364 965 1428; x_wconf 68' lang='lat' dir='ltr'><strong>reserat.</strong></span> <span class='ocrx_word' id='word_1_67' title='bbox 1008 1366 1040 1428; x_wconf 83' lang='lat' dir='ltr'>A</span> <span class='ocrx_word' id='word_1_68' title='bbox 1064 1366 1154 1429; x_wconf 86' lang='lat' dir='ltr'><strong>uibus</strong></span> 
     </span>
     <span class='ocr_line' id='line_1_11' title="bbox 171 1463 1154 1546; baseline 0.002 -21"><span class='ocrx_word' id='word_1_69' title='bbox 171 1463 368 1546; x_wconf 87' lang='lat' dir='ltr'><strong>promontoriis</strong></span> <span class='ocrx_word' id='word_1_70' title='bbox 403 1472 524 1528; x_wconf 69' lang='lat' dir='ltr'><strong>vocetur</strong></span> <span class='ocrx_word' id='word_1_71' title='bbox 555 1464 717 1526; x_wconf 88' lang='lat' dir='ltr'><strong>Trinacria.</strong></span> <span class='ocrx_word' id='word_1_72' title='bbox 769 1463 972 1528; x_wconf 84' lang='lat' dir='ltr'><strong>Nobilissimus</strong></span> <span class='ocrx_word' id='word_1_73' title='bbox 1003 1463 1043 1527; x_wconf 93' lang='lat' dir='ltr'><strong>ibi</strong></span> <span class='ocrx_word' id='word_1_74' title='bbox 1069 1483 1154 1527; x_wconf 84' lang='lat' dir='ltr'><strong>mons</strong></span> 
     </span>
     <span class='ocr_line' id='line_1_12' title="bbox 172 1561 1154 1646; baseline 0.001 -22"><span class='ocrx_word' id='word_1_75' title='bbox 172 1561 282 1638; x_wconf 82' lang='lat' dir='ltr'><strong>AEtnae,</strong></span> <span class='ocrx_word' id='word_1_76' title='bbox 314 1563 363 1646; x_wconf 91' lang='lat' dir='ltr'><strong>qui</strong></span> <span class='ocrx_word' id='word_1_77' title='bbox 393 1564 457 1626; x_wconf 92' lang='lat' dir='ltr'><strong>urbi</strong></span> <span class='ocrx_word' id='word_1_78' title='bbox 484 1563 608 1627; x_wconf 75' lang='lat' dir='ltr'><strong>Catinae</strong></span> <span class='ocrx_word' id='word_1_79' title='bbox 641 1563 782 1640; x_wconf 85' lang='lat' dir='ltr'><strong>imminet,</strong></span> <span class='ocrx_word' id='word_1_80' title='bbox 812 1576 875 1626; x_wconf 91' lang='lat' dir='ltr'><strong>tum</strong></span> <span class='ocrx_word' id='word_1_81' title='bbox 900 1564 939 1628; x_wconf 91' lang='lat' dir='ltr'><strong>ob</strong></span> <span class='ocrx_word' id='word_1_82' title='bbox 963 1562 1154 1640; x_wconf 78' lang='lat' dir='ltr'><strong>altimdinem,</strong></span> 
     </span>
     <span class='ocr_line' id='line_1_13' title="bbox 171 1661 1154 1748; baseline 0.002 -24"><span class='ocrx_word' id='word_1_83' title='bbox 171 1662 335 1726; x_wconf 76' lang='lat' dir='ltr'><strong>armotiam</strong></span> <span class='ocrx_word' id='word_1_84' title='bbox 349 1663 388 1725; x_wconf 94' lang='lat' dir='ltr'><strong>ob</strong></span> <span class='ocrx_word' id='word_1_85' title='bbox 402 1663 493 1746; x_wconf 82' lang='lat' dir='ltr'><strong>ignes,</strong></span> <span class='ocrx_word' id='word_1_86' title='bbox 509 1683 580 1748; x_wconf 87' lang='lat' dir='ltr'><strong>quos</strong></span> <span class='ocrx_word' id='word_1_87' title='bbox 601 1663 723 1726; x_wconf 88' lang='lat' dir='ltr'><strong>effimdit</strong></span> <span class='ocrx_word' id='word_1_88' title='bbox 732 1684 741 1741; x_wconf 92' lang='lat'>;</span> <span class='ocrx_word' id='word_1_89' title='bbox 767 1684 856 1747; x_wconf 88' lang='lat' dir='ltr'><strong>quare</strong></span> <span class='ocrx_word' id='word_1_90' title='bbox 877 1662 1047 1746; x_wconf 79' lang='lat' dir='ltr'><strong>Cyclopum</strong></span> <span class='ocrx_word' id='word_1_91' title='bbox 1060 1662 1090 1726; x_wconf 91' lang='lat' dir='ltr'><strong>in</strong></span> <span class='ocrx_word' id='word_1_92' title='bbox 1104 1661 1154 1726; x_wconf 89' lang='lat' dir='ltr'><strong>illo</strong></span> 
     </span>
     <span class='ocr_line' id='line_1_14' title="bbox 168 1761 1152 1847; baseline 0.003 -24"><span class='ocrx_word' id='word_1_93' title='bbox 168 1777 269 1824; x_wconf 89' lang='lat' dir='ltr'><strong>monte</strong></span> <span class='ocrx_word' id='word_1_94' title='bbox 287 1763 434 1825; x_wconf 86' lang='lat' dir='ltr'><strong>officinam</strong></span> <span class='ocrx_word' id='word_1_95' title='bbox 457 1785 521 1826; x_wconf 89' lang='lat' dir='ltr'><strong>esse</strong></span> <span class='ocrx_word' id='word_1_96' title='bbox 541 1766 636 1847; x_wconf 70' lang='lat' dir='ltr'><strong>poie&#39;tae</strong></span> <span class='ocrx_word' id='word_1_97' title='bbox 658 1763 767 1826; x_wconf 87' lang='lat' dir='ltr'><strong>dicunt.</strong></span> <span class='ocrx_word' id='word_1_98' title='bbox 812 1761 935 1826; x_wconf 70' lang='lat' dir='ltr'><strong>Cineres</strong></span> <span class='ocrx_word' id='word_1_99' title='bbox 957 1785 975 1826; x_wconf 96' lang='lat' dir='ltr'><strong>e</strong></span> <span class='ocrx_word' id='word_1_100' title='bbox 994 1763 1152 1826; x_wconf 75' lang='lat' dir='ltr'><strong>cratenitus</strong></span> 
     </span>
     <span class='ocr_line' id='line_1_15' title="bbox 166 1861 1152 1949; baseline 0.002 -25"><span class='ocrx_word' id='word_1_101' title='bbox 166 1861 258 1944; x_wconf 77' lang='lat' dir='ltr'><strong>egesti</strong></span> <span class='ocrx_word' id='word_1_102' title='bbox 282 1883 382 1944; x_wconf 88' lang='lat' dir='ltr'><strong>agrum</strong></span> <span class='ocrx_word' id='word_1_103' title='bbox 405 1862 660 1949; x_wconf 82' lang='lat' dir='ltr'><strong>circumjacentem</strong></span> <span class='ocrx_word' id='word_1_104' title='bbox 687 1861 856 1927; x_wconf 88' lang='lat' dir='ltr'><strong>soeoundum</strong></span> <span class='ocrx_word' id='word_1_105' title='bbox 882 1876 912 1925; x_wconf 91' lang='lat' dir='ltr'><strong>et</strong></span> <span class='ocrx_word' id='word_1_106' title='bbox 937 1862 1063 1926; x_wconf 73' lang='lat' dir='ltr'><strong>feracem</strong></span> <span class='ocrx_word' id='word_1_107' title='bbox 1087 1862 1152 1926; x_wconf 84' lang='lat' dir='ltr'><strong>red·</strong></span> 
     </span>
     <span class='ocr_line' id='line_1_16' title="bbox 166 1961 1151 2046; baseline -0.001 -22"><span class='ocrx_word' id='word_1_108' title='bbox 166 1961 236 2025; x_wconf 69' lang='lat' dir='ltr'><strong>deire</strong></span> <span class='ocrx_word' id='word_1_109' title='bbox 264 1963 470 2028; x_wconf 81' lang='lat' dir='ltr'><strong>existimantur.</strong></span> <span class='ocrx_word' id='word_1_110' title='bbox 514 1963 590 2026; x_wconf 88' lang='lat' dir='ltr'><strong>Sunt</strong></span> <span class='ocrx_word' id='word_1_111' title='bbox 618 1963 658 2026; x_wconf 91' lang='lat' dir='ltr'><strong>ibi</strong></span> <span class='ocrx_word' id='word_1_112' title='bbox 687 1963 809 2027; x_wconf 77' lang='lat' dir='ltr'><strong>Piorum</strong></span> <span class='ocrx_word' id='word_1_113' title='bbox 835 1962 944 2046; x_wconf 85' lang='lat' dir='ltr'><strong>campi,</strong></span> <span class='ocrx_word' id='word_1_114' title='bbox 968 1962 1017 2045; x_wconf 90' lang='lat' dir='ltr'><strong>qui</strong></span> <span class='ocrx_word' id='word_1_115' title='bbox 1043 1983 1151 2024; x_wconf 89' lang='lat' dir='ltr'><strong>nomeu</strong></span> 
     </span>
     <span class='ocr_line' id='line_1_17' title="bbox 166 2059 1153 2148; baseline -0.002 -24"><span class='ocrx_word' id='word_1_116' title='bbox 166 2063 278 2126; x_wconf 88' lang='lat' dir='ltr'><strong>babent</strong></span> <span class='ocrx_word' id='word_1_117' title='bbox 310 2085 328 2126; x_wconf 84' lang='lat' dir='ltr'><strong>a</strong></span> <span class='ocrx_word' id='word_1_118' title='bbox 356 2063 470 2128; x_wconf 81' lang='lat' dir='ltr'><strong>duobus</strong></span> <span class='ocrx_word' id='word_1_119' title='bbox 499 2062 657 2148; x_wconf 68' lang='lat' dir='ltr'><strong>juvenilius</strong></span> <span class='ocrx_word' id='word_1_120' title='bbox 686 2061 913 2138; x_wconf 75' lang='lat' dir='ltr'><strong>Catanensrlms,</strong></span> <span class='ocrx_word' id='word_1_121' title='bbox 943 2060 1001 2144; x_wconf 91' lang='lat' dir='ltr'><strong>qui,</strong></span> <span class='ocrx_word' id='word_1_122' title='bbox 1025 2059 1153 2123; x_wconf 77' lang='lat' dir='ltr'><strong>flammis</strong></span> 
     </span>
     <span class='ocr_line' id='line_1_18' title="bbox 168 2159 1153 2246; baseline -0.002 -22"><span class='ocrx_word' id='word_1_123' title='bbox 168 2163 317 2246; x_wconf 87' lang='lat' dir='ltr'><strong>quondam</strong></span> <span class='ocrx_word' id='word_1_124' title='bbox 337 2163 458 2246; x_wconf 70' lang='lat' dir='ltr'><strong>repente</strong></span> <span class='ocrx_word' id='word_1_125' title='bbox 479 2162 688 2244; x_wconf 86' lang='lat' dir='ltr'><strong>ingmentibus,</strong></span> <span class='ocrx_word' id='word_1_126' title='bbox 710 2176 844 2245; x_wconf 80' lang='lat' dir='ltr'><strong>parentes</strong></span> <span class='ocrx_word' id='word_1_127' title='bbox 865 2166 1015 2223; x_wconf 74' lang='lat' dir='ltr'><strong>senectute</strong></span> <span class='ocrx_word' id='word_1_128' title='bbox 1035 2159 1153 2222; x_wconf 88' lang='lat' dir='ltr'><strong>consec·</strong></span> 
     </span>
     <span class='ocr_line' id='line_1_19' title="bbox 167 2255 1154 2342; baseline -0.004 -17"><span class='ocrx_word' id='word_1_129' title='bbox 167 2277 224 2339; x_wconf 85' lang='lat' dir='ltr'><strong>tos,</strong></span> <span class='ocrx_word' id='word_1_130' title='bbox 238 2262 365 2324; x_wconf 67' lang='lat' dir='ltr'><strong>humitis</strong></span> <span class='ocrx_word' id='word_1_131' title='bbox 378 2262 516 2337; x_wconf 70' lang='lat' dir='ltr'><strong>sublatos,</strong></span> <span class='ocrx_word' id='word_1_132' title='bbox 531 2259 673 2322; x_wconf 72' lang='lat' dir='ltr'><strong>tlammae⁵</strong></span> <span class='ocrx_word' id='word_1_133' title='bbox 694 2261 830 2342; x_wconf 87' lang='lat' dir='ltr'><strong>eripuisse</strong></span> <span class='ocrx_word' id='word_1_134' title='bbox 844 2259 980 2321; x_wconf 88' lang='lat' dir='ltr'><strong>seruntur.</strong></span> <span class='ocrx_word' id='word_1_135' title='bbox 1024 2255 1154 2321; x_wconf 89' lang='lat' dir='ltr'><strong>Nomina</strong></span> 
     </span>
     <span class='ocr_line' id='line_1_20' title="bbox 167 2357 840 2444; baseline -0.013 -17"><span class='ocrx_word' id='word_1_136' title='bbox 167 2363 286 2428; x_wconf 74' lang='lat' dir='ltr'><strong>flatrum</strong></span> <span class='ocrx_word' id='word_1_137' title='bbox 302 2361 518 2444; x_wconf 71' lang='lat' dir='ltr'><strong>Amphinomus</strong></span> <span class='ocrx_word' id='word_1_138' title='bbox 532 2372 563 2420; x_wconf 88' lang='lat' dir='ltr'><strong>et</strong></span> <span class='ocrx_word' id='word_1_139' title='bbox 577 2359 703 2440; x_wconf 73' lang='lat' dir='ltr'><strong>Anipus</strong></span> <span class='ocrx_word' id='word_1_140' title='bbox 716 2357 840 2419; x_wconf 67' lang='lat' dir='ltr'><strong>fuenmt.</strong></span> 
     </span>
    </p>

    <p class='ocr_par' dir='ltr' id='par_1_4' title="bbox 165 2455 1151 3346">
     <span class='ocr_line' id='line_1_21' title="bbox 210 2455 1151 2540; baseline -0.006 -14"><span class='ocrx_word' id='word_1_141' title='bbox 210 2465 263 2526; x_wconf 70' lang='lat'><strong>22.</strong></span> <span class='ocrx_word' id='word_1_142' title='bbox 295 2461 376 2524; x_wconf 88' lang='lat' dir='ltr'><strong>Inter</strong></span> <span class='ocrx_word' id='word_1_143' title='bbox 404 2460 489 2521; x_wconf 87' lang='lat' dir='ltr'><strong>nrbes</strong></span> <span class='ocrx_word' id='word_1_144' title='bbox 518 2455 624 2520; x_wconf 77' lang='lat' dir='ltr'><strong>Sicilie</strong></span> <span class='ocrx_word' id='word_1_145' title='bbox 652 2455 732 2519; x_wconf 90' lang='lat' dir='ltr'><strong>nulla</strong></span> <span class='ocrx_word' id='word_1_146' title='bbox 761 2470 805 2519; x_wconf 89' lang='lat' dir='ltr'><strong>est</strong></span> <span class='ocrx_word' id='word_1_147' title='bbox 832 2455 965 2520; x_wconf 87' lang='lat' dir='ltr'><strong>illustrior</strong></span> <span class='ocrx_word' id='word_1_148' title='bbox 991 2455 1151 2540; x_wconf 79' lang='lat' dir='ltr'><strong>Syraciuis,</strong></span> 
     </span>
     <span class='ocr_line' id='line_1_22' title="bbox 167 2555 1150 2639; baseline -0.007 -13"><span class='ocrx_word' id='word_1_149' title='bbox 167 2561 384 2626; x_wconf 75' lang='lat' dir='ltr'><strong>Corinthiomm</strong></span> <span class='ocrx_word' id='word_1_150' title='bbox 408 2557 533 2634; x_wconf 76' lang='lat' dir='ltr'><strong>colonial,</strong></span> <span class='ocrx_word' id='word_1_151' title='bbox 558 2578 597 2618; x_wconf 83' lang='lat' dir='ltr'><strong>cx</strong></span> <span class='ocrx_word' id='word_1_152' title='bbox 623 2555 749 2639; x_wconf 90' lang='lat' dir='ltr'><strong>quinque</strong></span> <span class='ocrx_word' id='word_1_153' title='bbox 775 2557 893 2619; x_wconf 89' lang='lat' dir='ltr'><strong>urbibus</strong></span> <span class='ocrx_word' id='word_1_154' title='bbox 919 2555 1055 2620; x_wconf 65' lang='lat' dir='ltr'><strong>conflata,</strong></span> <span class='ocrx_word' id='word_1_155' title='bbox 1099 2557 1150 2619; x_wconf 86' lang='lat' dir='ltr'><strong>Ab</strong></span> 
     </span>
     <span class='ocr_line' id='line_1_23' title="bbox 167 2655 1148 2741; baseline -0.008 -13"><span class='ocrx_word' id='word_1_156' title='bbox 167 2662 396 2728; x_wconf 58' lang='lat' dir='ltr'><strong>Atheniensibus</strong></span> <span class='ocrx_word' id='word_1_157' title='bbox 409 2659 487 2722; x_wconf 92' lang='lat' dir='ltr'><strong>bello</strong></span> <span class='ocrx_word' id='word_1_158' title='bbox 501 2661 601 2741; x_wconf 85' lang='lat' dir='ltr'><strong>petita,</strong></span> <span class='ocrx_word' id='word_1_159' title='bbox 614 2656 756 2718; x_wconf 83' lang='lat' dir='ltr'><strong>maximas</strong></span> <span class='ocrx_word' id='word_1_160' title='bbox 770 2655 896 2718; x_wconf 89' lang='lat' dir='ltr'><strong>hostium</strong></span> <span class='ocrx_word' id='word_1_161' title='bbox 909 2656 1009 2738; x_wconf 88' lang='lat' dir='ltr'><strong>copias</strong></span> <span class='ocrx_word' id='word_1_162' title='bbox 1023 2657 1148 2720; x_wconf 70' lang='lat' dir='ltr'><strong>delevit:</strong></span> 
     </span>
     <span class='ocr_line' id='line_1_24' title="bbox 167 2755 1149 2844; baseline -0.009 -17"><span class='ocrx_word' id='word_1_163' title='bbox 167 2761 421 2844; x_wconf 86' lang='lat' dir='ltr'><strong>Carthaginienses</strong></span> <span class='ocrx_word' id='word_1_164' title='bbox 450 2758 537 2822; x_wconf 85' lang='lat' dir='ltr'><strong>etiam</strong></span> <span class='ocrx_word' id='word_1_165' title='bbox 565 2755 677 2839; x_wconf 89' lang='lat' dir='ltr'><strong>magnis</strong></span> <span class='ocrx_word' id='word_1_166' title='bbox 705 2755 849 2818; x_wconf 86' lang='lat' dir='ltr'><strong>intenlum</strong></span> <span class='ocrx_word' id='word_1_167' title='bbox 878 2755 1010 2818; x_wconf 74' lang='lat' dir='ltr'><strong>cladrlius</strong></span> <span class='ocrx_word' id='word_1_168' title='bbox 1038 2755 1149 2818; x_wconf 72' lang='lat' dir='ltr'><strong>effecit.</strong></span> 
     </span>
     <span class='ocr_line' id='line_1_25' title="bbox 167 2854 1150 2941; baseline -0.01 -13"><span class='ocrx_word' id='word_1_169' title='bbox 167 2864 305 2928; x_wconf 89' lang='lat' dir='ltr'><strong>Secundo</strong></span> <span class='ocrx_word' id='word_1_170' title='bbox 320 2862 397 2924; x_wconf 90' lang='lat' dir='ltr'><strong>bello</strong></span> <span class='ocrx_word' id='word_1_171' title='bbox 418 2859 534 2923; x_wconf 88' lang='lat' dir='ltr'><strong>Punico</strong></span> <span class='ocrx_word' id='word_1_172' title='bbox 556 2879 608 2941; x_wconf 89' lang='lat' dir='ltr'><strong>per</strong></span> <span class='ocrx_word' id='word_1_173' title='bbox 628 2855 780 2919; x_wconf 82' lang='lat' dir='ltr'><strong>tn&#39;en&#39;nium</strong></span> <span class='ocrx_word' id='word_1_174' title='bbox 801 2861 980 2939; x_wconf 72' lang='lat' dir='ltr'><strong>oppugnita,</strong></span> <span class='ocrx_word' id='word_1_175' title='bbox 996 2854 1150 2918; x_wconf 72' lang='lat' dir='ltr'><strong>Archime-</strong></span> 
     </span>
     <span class='ocr_line' id='line_1_26' title="bbox 166 2953 1150 3047; baseline -0.011 -19"><span class='ocrx_word' id='word_1_176' title='bbox 166 2966 209 3029; x_wconf 86' lang='lat' dir='ltr'><strong>dis</strong></span> <span class='ocrx_word' id='word_1_177' title='bbox 238 2963 417 3047; x_wconf 78' lang='lat' dir='ltr'><strong>potissimum</strong></span> <span class='ocrx_word' id='word_1_178' title='bbox 446 2959 562 3042; x_wconf 91' lang='lat' dir='ltr'><strong>ingenio</strong></span> <span class='ocrx_word' id='word_1_179' title='bbox 590 2971 620 3020; x_wconf 89' lang='lat' dir='ltr'><strong>et</strong></span> <span class='ocrx_word' id='word_1_180' title='bbox 648 2972 709 3019; x_wconf 90' lang='lat' dir='ltr'><strong>arte</strong></span> <span class='ocrx_word' id='word_1_181' title='bbox 737 2955 865 3032; x_wconf 82' lang='lat' dir='ltr'><strong>defensa,</strong></span> <span class='ocrx_word' id='word_1_182' title='bbox 890 2977 908 3018; x_wconf 93' lang='lat' dir='ltr'><strong>a</strong></span> <span class='ocrx_word' id='word_1_183' title='bbox 933 2953 979 3017; x_wconf 90' lang='lat' dir='ltr'><strong>M.</strong></span> <span class='ocrx_word' id='word_1_184' title='bbox 1005 2953 1150 3018; x_wconf 89' lang='lat' dir='ltr'><strong>Marcello</strong></span> 
     </span>
     <span class='ocr_line' id='line_1_27' title="bbox 165 3053 1147 3148; baseline -0.014 -19"><span class='ocrx_word' id='word_1_185' title='bbox 165 3079 252 3148; x_wconf 88' lang='lat' dir='ltr'><strong>capta</strong></span> <span class='ocrx_word' id='word_1_186' title='bbox 278 3077 331 3126; x_wconf 84' lang='lat' dir='ltr'><strong>est.</strong></span> <span class='ocrx_word' id='word_1_187' title='bbox 361 3060 500 3123; x_wconf 65' lang='lat' dir='ltr'><strong>Vicinus</strong></span> <span class='ocrx_word' id='word_1_188' title='bbox 529 3058 598 3120; x_wconf 88' lang='lat' dir='ltr'><strong>huic</strong></span> <span class='ocrx_word' id='word_1_189' title='bbox 626 3057 689 3118; x_wconf 88' lang='lat' dir='ltr'><strong>orbi</strong></span> <span class='ocrx_word' id='word_1_190' title='bbox 717 3055 781 3118; x_wconf 80' lang='lat' dir='ltr'><strong>sons</strong></span> <span class='ocrx_word' id='word_1_191' title='bbox 809 3056 961 3118; x_wconf 81' lang='lat' dir='ltr'><strong>Aretlnisae</strong></span> <span class='ocrx_word' id='word_1_192' title='bbox 986 3053 1147 3138; x_wconf 74' lang='lat' dir='ltr'><strong>Nympha⁸</strong></span> 
     </span>
     <span class='ocr_line' id='line_1_28' title="bbox 165 3155 1150 3246; baseline -0.016 -16"><span class='ocrx_word' id='word_1_193' title='bbox 165 3189 255 3242; x_wconf 85' lang='lat' dir='ltr'><strong>sacer,</strong></span> <span class='ocrx_word' id='word_1_194' title='bbox 271 3166 307 3228; x_wconf 91' lang='lat' dir='ltr'><strong>ad</strong></span> <span class='ocrx_word' id='word_1_195' title='bbox 324 3183 410 3246; x_wconf 91' lang='lat' dir='ltr'><strong>quam</strong></span> <span class='ocrx_word' id='word_1_196' title='bbox 426 3157 577 3242; x_wconf 58' lang='lat' dir='ltr'><strong>Alpheus*</strong></span> <span class='ocrx_word' id='word_1_197' title='bbox 600 3156 692 3219; x_wconf 88' lang='lat' dir='ltr'><strong>amnis</strong></span> <span class='ocrx_word' id='word_1_198' title='bbox 711 3177 749 3217; x_wconf 85' lang='lat' dir='ltr'><strong>cx</strong></span> <span class='ocrx_word' id='word_1_199' title='bbox 770 3155 976 3237; x_wconf 70' lang='lat' dir='ltr'><strong>Peloponneso</strong></span> <span class='ocrx_word' id='word_1_200' title='bbox 997 3175 1050 3236; x_wconf 94' lang='lat' dir='ltr'><strong>per</strong></span> <span class='ocrx_word' id='word_1_201' title='bbox 1069 3173 1150 3215; x_wconf 82' lang='lat' dir='ltr'><strong>mam</strong></span> 
     </span>
     <span class='ocr_line' id='line_1_29' title="bbox 166 3251 1148 3346; baseline -0.014 -16"><span class='ocrx_word' id='word_1_202' title='bbox 166 3266 279 3330; x_wconf 91' lang='lat' dir='ltr'><strong>lonium</strong></span> <span class='ocrx_word' id='word_1_203' title='bbox 311 3260 438 3346; x_wconf 87' lang='lat' dir='ltr'><strong>lapsus†</strong></span> <span class='ocrx_word' id='word_1_204' title='bbox 469 3257 642 3338; x_wconf 64' lang='lat' dir='ltr'><strong>comissarirss</strong></span> <span class='ocrx_word' id='word_1_205' title='bbox 674 3255 787 3318; x_wconf 87' lang='lat' dir='ltr'><strong>dicitur.</strong></span> <span class='ocrx_word' id='word_1_206' title='bbox 845 3253 925 3316; x_wconf 88' lang='lat' dir='ltr'><strong>Nam</strong></span> <span class='ocrx_word' id='word_1_207' title='bbox 956 3252 981 3314; x_wconf 92' lang='lat' dir='ltr'><strong>si</strong></span> <span class='ocrx_word' id='word_1_208' title='bbox 1010 3251 1078 3335; x_wconf 92' lang='lat' dir='ltr'><strong>quid</strong></span> <span class='ocrx_word' id='word_1_209' title='bbox 1110 3253 1148 3316; x_wconf 90' lang='lat' dir='ltr'><strong>ad</strong></span> 
     </span>
    </p>
   </div>
   <div class='ocr_carea' id='block_1_3' title="bbox 164 3351 1148 3770">
    <p class='ocr_par' dir='ltr' id='par_1_5' title="bbox 164 3351 1148 3770">
     <span class='ocr_line' id='line_1_30' title="bbox 164 3351 1148 3450; baseline -0.014 -21"><span class='ocrx_word' id='word_1_210' title='bbox 164 3365 338 3450; x_wconf 87' lang='lat' dir='ltr'><strong>Olympiam</strong></span> <span class='ocrx_word' id='word_1_211' title='bbox 358 3362 389 3423; x_wconf 92' lang='lat' dir='ltr'><strong>in</strong></span> <span class='ocrx_word' id='word_1_212' title='bbox 409 3359 491 3422; x_wconf 90' lang='lat' dir='ltr'><strong>illum</strong></span> <span class='ocrx_word' id='word_1_213' title='bbox 513 3377 629 3418; x_wconf 87' lang='lat' dir='ltr'><strong>amnem</strong></span> <span class='ocrx_word' id='word_1_214' title='bbox 646 3355 758 3439; x_wconf 89' lang='lat' dir='ltr'><strong>jactum</strong></span> <span class='ocrx_word' id='word_1_215' title='bbox 780 3353 873 3430; x_wconf 63' lang='lat' dir='ltr'><strong>filant,</strong></span> <span class='ocrx_word' id='word_1_216' title='bbox 894 3353 924 3416; x_wconf 93' lang='lat' dir='ltr'><strong>id</strong></span> <span class='ocrx_word' id='word_1_217' title='bbox 945 3352 974 3414; x_wconf 92' lang='lat' dir='ltr'><strong>in</strong></span> <span class='ocrx_word' id='word_1_218' title='bbox 996 3351 1148 3416; x_wconf 75' lang='lat' dir='ltr'><strong>Arethusa</strong></span> 
     </span>
     <span class='ocr_line' id='line_1_31' title="bbox 323 3525 991 3595; baseline -0.01 -15"><span class='ocrx_word' id='word_1_219' title='bbox 323 3534 336 3558; x_wconf 82' lang='lat'>&#39;</span> <span class='ocrx_word' id='word_1_220' title='bbox 354 3531 450 3595; x_wconf 80' lang='lat' dir='ltr'><strong>Supply</strong></span> <span class='ocrx_word' id='word_1_221' title='bbox 461 3529 610 3579; x_wconf 72' lang='lat' dir='ltr'><strong>insularum.</strong></span> <span class='ocrx_word' id='word_1_222' title='bbox 799 3527 808 3575; x_wconf 94' lang='lat' dir='ltr'><strong>l</strong></span> <span class='ocrx_word' id='word_1_223' title='bbox 827 3525 924 3589; x_wconf 74' lang='lat' dir='ltr'><strong>lupply</strong></span> <span class='ocrx_word' id='word_1_224' title='bbox 932 3541 991 3574; x_wconf 77' lang='lat' dir='ltr'><strong>oses.</strong></span> 
     </span>
     <span class='ocr_line' id='line_1_32' title="bbox 196 3601 1108 3672; baseline -0.016 -8"><span class='ocrx_word' id='word_1_225' title='bbox 196 3617 208 3671; x_wconf 69' lang='lat' dir='ltr'><strong>t</strong></span> <span class='ocrx_word' id='word_1_226' title='bbox 225 3610 354 3663; x_wconf 83' lang='lat' dir='ltr'><strong>Infinitive</strong></span> <span class='ocrx_word' id='word_1_227' title='bbox 364 3609 485 3672; x_wconf 81' lang='lat' dir='ltr'><strong>denoting</strong></span> <span class='ocrx_word' id='word_1_228' title='bbox 495 3623 510 3655; x_wconf 81' lang='lat' dir='ltr'><strong>s</strong></span> <span class='ocrx_word' id='word_1_229' title='bbox 520 3617 627 3670; x_wconf 72' lang='lat' dir='ltr'><strong>purpose</strong></span> <span class='ocrx_word' id='word_1_230' title='bbox 639 3602 703 3652; x_wconf 73' lang='lat' dir='ltr'><strong>oller</strong></span> <span class='ocrx_word' id='word_1_231' title='bbox 712 3603 797 3667; x_wconf 67' lang='lat' dir='ltr'><strong>lopun</strong></span> <span class='ocrx_word' id='word_1_232' title='bbox 807 3619 866 3654; x_wconf 74' lang='lat' dir='ltr'><strong>ease.</strong></span> <span class='ocrx_word' id='word_1_233' title='bbox 880 3603 892 3666; x_wconf 71' lang='grc' dir='ltr'><strong>ξ</strong></span> <span class='ocrx_word' id='word_1_234' title='bbox 906 3603 995 3664; x_wconf 64' lang='lat' dir='ltr'><strong>arnas</strong></span> <span class='ocrx_word' id='word_1_235' title='bbox 1003 3602 1046 3652; x_wconf 84' lang='lat' dir='ltr'><strong>the</strong></span> <span class='ocrx_word' id='word_1_236' title='bbox 1057 3601 1108 3650; x_wconf 83' lang='lat' dir='ltr'><strong>end</strong></span> 
     </span>
     <span class='ocr_line' id='line_1_33' title="bbox 228 3693 1076 3770; baseline -0.013 -15"><span class='ocrx_word' id='word_1_237' title='bbox 228 3704 339 3770; x_wconf 58' lang='lat' dir='ltr'><strong>⁰525st</strong></span> <span class='ocrx_word' id='word_1_238' title='bbox 434 3697 626 3765; x_wconf 59' lang='grc' dir='ltr'><strong>ῧξὲὶῌὶὲ.</strong></span> <span class='ocrx_word' id='word_1_239' title='bbox 723 3695 829 3760; x_wconf 67' lang='lat' dir='ltr'><strong>‘tm</strong></span> <span class='ocrx_word' id='word_1_240' title='bbox 924 3695 1027 3759; x_wconf 63' lang='lat'>‘¹5293</span> <span class='ocrx_word' id='word_1_241' title='bbox 1051 3693 1076 3744; x_wconf 75' lang='lat' dir='ltr'>N</span> 
     </span>
    </p>
   </div>
   <div class='ocr_carea' id='block_1_4' title="bbox 0 0 1332 4304">
    <p class='ocr_par' dir='ltr' id='par_1_6' title="bbox 0 0 1332 4304">
     <span class='ocr_line' id='line_1_34' title="bbox 0 0 1332 4304; baseline 0 1"><span class='ocrx_word' id='word_1_242' title='bbox 0 0 1332 4304; x_wconf 95' lang='lat' dir='ltr'><strong> </strong></span> 
     </span>
    </p>
   </div>
  </div>
 </body>
</html>
