2656 4304
473 431 608 476 amous
630 430 669 472 or
692 429 878 484 aramum.
920 447 923 454 ·
1107 409 1165 472 121

182 611 185 621 ·
224 580 279 644 48.
301 579 395 644 AEblis
415 579 484 642 olim
506 579 606 663 Mysia
627 576 803 662 appellere:
817 589 857 652 et,
871 577 921 640 ubi
942 576 1166 661 Hellespontum

182 678 305 761 attingit,
328 678 433 742 Troas.
477 679 521 742 lbi
546 680 632 742 Ilium
661 678 715 740 suit
742 678 828 742 situm
857 678 896 743 ad
923 679 1033 743 radices
1061 677 1167 741 montis

182 778 254 855 lde,
279 781 344 842 urbs
373 781 461 856 bello,
486 781 566 864 quod
598 801 650 862 per
677 779 780 842 decem
814 799 905 840 annos
933 800 1002 840 cum
1033 779 1168 842 universi

182 879 297 945 Greciu
318 881 416 963 gessit,
429 879 597 944 clarissim.
645 879 697 942 Ab
709 878 798 942 'Ideo
812 891 912 942 monte
926 878 1104 940 Scamander
1117 880 1168 940 de·

181 981 244 1047 fluit
255 996 288 1072 gt
303 981 420 1056 Simtiis,
434 1001 535 1044 arnnes
556 978 634 1044 sarni
655 980 743 1063 quim
765 980 869 1043 natiuit
890 978 1023 1063 majores
1067 978 1168 1072 Ipsum

181 1097 312 1148 montem
337 1082 511 1145 certamen*
533 1081 651 1144 dearum
676 1079 847 1162 Paridisque
868 1079 1011 1164 judicium
1031 1078 1169 1142 illustrem

182 1181 318 1246 reddidit.
362 1181 398 1246 ln
423 1182 517 1246 lituire
540 1181 626 1244 clarae
649 1194 716 1243 sunt
740 1181 825 1243 urbes
850 1179 1014 1242 Rhoeteum
1041 1193 1071 1242 et
1092 1179 1170 1242 Dar·

183 1282 288 1358 danim
316 1282 368 1344 sed
388 1283 552 1364 sepulcrum
575 1281 686 1366 Ajicis,
709 1281 758 1364 qui
779 1280 818 1344 ibi
840 1295 905 1364 post
926 1287 1076 1344 certiumcn
1098 1301 1168 1343 cum

184 1381 293 1466 Ulysoe
306 1382 402 1465 gladio
416 1381 556 1459 incubuit,
570 1382 720 1464 utrique†
733 1381 847 1445 clarius.
863 1439 866 1443 ,

234 1486 287 1548 49.
319 1481 457 1546 lonnus⁶
487 1481 581 1544 Cares
609 1495 678 1544 sunt
705 1481 827 1557 finitimi,
848 1481 981 1564 poprilus
1010 1480 1167 1544 armerum‘

186 1582 312 1666 bellique
335 1584 410 1646 adeb
435 1604 547 1658 amans,
572 1595 606 1644 ut
628 1582 724 1644 aliena
749 1581 836 1644 etiam
858 1582 935 1643 bella
959 1581 1096 1644 mercede
1121 1603 1170 1644 ae·

185 1683 275 1764 cepti
301 1685 422 1765 gereret.
470 1682 612 1765 Princeps
640 1681 735 1744 Cariae
760 1682 827 1746 urbs
857 1681 1086 1758 Halicarnassus,
1111 1681 1169 1744 Ar·

183 1781 316 1863 girorum
343 1783 467 1858 colonia,
492 1803 593 1864 regum
616 1783 701 1844 sedes
726 1781 805 1844 olim.
850 1781 935 1844 Unus
958 1789 1057 1846 eorum
1080 1781 1168 1844 Mau·

182 1881 259 1945 stilus
288 1881 349 1944 nic
401 1881 464 1954 Qui
492 1903 582 1964 quum
612 1881 687 1944 vinc
717 1880 871 1944 defunctus
898 1896 982 1958 esset,
1014 1883 1168 1946 Artemisia

181 1981 289 2066 conjux
311 1981 452 2044 desiderio
471 1981 566 2044 mariti
587 1981 722 2064 flagrem,
738 2003 804 2044 ossa
825 1982 886 2066 ejus
908 1983 1077 2065 cineresque
1097 2005 1168 2045 con-

182 2087 248 2144 tirsa
264 2103 334 2145 cum
355 2082 434 2165 aqud
454 2081 569 2144 miscuit
589 2081 746 2164 ebibitque,
768 2081 1010 2165 splendidumque
1032 2095 1169 2164 preterea

184 2181 349 2264 sepulcrum
381 2181 531 2257 exstruxit,
564 2181 643 2264 quod
675 2181 748 2243 iuter
779 2195 893 2263 septem
924 2181 1000 2243 orbis
1033 2188 1168 2244 tertiarum

185 2281 323 2344 miracrila
338 2286 482 2344 censetur.

229 2385 282 2444 50.
308 2379 414 2443 Cilicia
438 2379 493 2442 sita
518 2391 562 2441 est
586 2378 616 2440 in
637 2378 741 2440 intimo
764 2399 879 2442 recessu
905 2381 1000 2457 maris,
1023 2381 1072 2442 ubi
1097 2381 1170 2444 Asia

184 2481 298 2565 proprii
324 2481 366 2543 sic
392 2480 469 2542 dicta
493 2501 563 2542 cum
589 2479 672 2562 Syrui
703 2479 897 2564 conjungitur.
941 2481 1027 2544 Sinus
1056 2481 1103 2544 ille
1132 2485 1169 2546 ab

183 2581 254 2644 urbe
269 2579 331 2643 lsso
346 2579 428 2642 lssici
448 2601 556 2642 nomen
578 2579 676 2642 habet.
722 2577 844 2642 Fluvios
865 2581 903 2643 ibi
925 2581 1050 2664 Cydnus
1073 2583 1166 2668 aqui'

183 2680 384 2764 limpidissimi
411 2693 442 2742 et
469 2679 658 2762 frigidissimi,
687 2679 715 2742 in
731 2702 804 2764 ·quo
838 2681 1007 2746 Alexander
1038 2683 1169 2748 Macedo

184 2803 284 2867 quum·
307 2780 444 2858 lavaret!
474 2802 577 2864 parum
610 2781 709 2858 abfuit,
739 2782 808 2864 quin
841 2782 944 2864 frigore
973 2785 1166 2848 enecaretur.¹

183 2883 310 2946 Antrum
343 2880 502 2964 Corycium
534 2881 564 2943 in
597 2881 697 2944 iisdem
729 2881 894 2964 regionibus
924 2885 963 2946 ob
994 2884 1168 2968 singula'trem

182 2987 313 3046 natiram
343 2981 530 3044 memorabile
559 2995 612 3044 est.
667 2981 782 3066 Ingenti
815 2984 885 3046 illud
916 2985 995 3048 hiritu
1030 3001 1110 3070 patet
1139 2989 1167 3050 in

183 3095 281 3146 moute
302 3083 402 3158 arduo,
423 3082 541 3166 alteque
570 3083 726 3146 demissum
752 3085 882 3168 undique
904 3086 976 3150 viret
1001 3087 1073 3151 lucis
1096 3110 1169 3171 pen·

183 3183 327 3248 deutssrus.
370 3182 431 3246 Ubi
445 3183 484 3246 ad
497 3183 556 3245 ima
574 3197 746 3267 perventum
761 3185 829 3262 esa*
845 3208 940 3250 rursus
962 3188 1040 3250 aliud
1054 3203 1168 3252 antrum

183 3285 317 3368 aperitur.
369 3282 416 3347 Ibi
447 3283 559 3346 sonitus
592 3285 794 3368 cymbalorum
824 3285 1030 3369 ingredientes*
1063 3297 1168 3356 terrere

294 3474 307 3500 ⁹
324 3475 373 3522 See
388 3477 404 3506 “
414 3474 611 3536 Mrrnouoor‚”
628 3478 723 3526 section
735 3480 773 3527 ll.
870 3481 879 3528 l
898 3481 995 3548 Supply
1008 3485 1074 3534 urba.

232 3566 421 3630 ⁸5209,R.4.
506 3567 659 3630 '⁴§2d5,l.
833 3573 943 3636 ¹§26‘2.
989 3623 996 3638 ,

232 3643 342 3707 ‘5222
516 3645 705 3708 ⁸§2ll‚R.6.
833 3651 976 3714 *elena

233 3721 341 3786 ‘521a
403 3805 437 3863 11
512 3723 737 3788 treunam.
833 3729 1114 3794 ¹§205,R.7‚(1.lli
