2656 4304
466 447 604 492 sartores
627 447 666 492 or
689 447 873 505 sumnum.
1103 429 1163 490 12³

181 601 334 687 quatriduo
368 599 509 678 toltirant3
546 621 663 683 aquam,
700 597 858 682 antequam
892 599 1002 676 bibant,
1038 597 1164 682 pedibus

183 704 307 767 turbant.
363 701 474 764 Vivunt
511 697 722 784 quinquagesis
757 698 839 760 annis
849 698 873 776 3⁶
911 699 1041 782 quaedam
1076 699 1164 762 etiam

183 804 336 866 centenis!
984 877 987 884 ⁴

227 907 278 966 54.
301 903 352 966 Ex
367 902 478 966 Arabio
499 904 664 984 pervenitur
685 901 714 964 in
736 899 944 984 Babyloniam,
958 899 1007 962 eui
1028 898 1165 982 Babylon

149 1044 154 1054 .
182 1025 290 1067 nomen
306 1005 394 1080 dedit,
409 1001 636 1065 Chaldaicarum
650 1002 780 1085 gentium
801 1014 902 1084 capnt,
917 1000 985 1062 urbs
1007 1011 1037 1060 et
1058 997 1168 1079 magni:

184 1105 286 1167 tudine
300 1118 330 1166 et
344 1103 446 1166 divitiis
465 1103 552 1165 clara.
595 1102 759 1165 Semirdmis
781 1123 848 1164 eam
869 1099 1048 1176 condidimt,
1065 1098 1121 1174 vel,
1136 1109 1169 1160 ut

186 1203 270 1266 multi
297 1203 489 1280 crediderunt,
514 1203 615 1280 Belus,
640 1203 722 1288 cujus
746 1202 825 1285 regia
850 1199 1019 1263 ostenditur.
1062 1197 1168 1260 Murus

184 1317 347 1367 exstructus
375 1303 524 1367 laterctil0⁶
553 1303 660 1381 coctili,
686 1303 801 1386 triginta
830 1315 860 1364 et
887 1300 959 1363 duos
986 1297 1093 1383 pedes⁶
1123 1310 1167 1360 est

184 1404 268 1480 latus,
292 1405 332 1466 ita
354 1417 386 1466 ut
409 1405 553 1488 quadrigar
581 1403 655 1466 inter
682 1426 714 1466 se
738 1414 920 1465 occurrentes
948 1400 1010 1463 sine
1038 1397 1167 1483 pericido

185 1511 347 1592 commedre
376 1505 525 1582 dicantur3
555 1504 676 1566 altitudo
700 1503 892 1565 ducentorum
917 1501 1045 1583 pedum;
1077 1512 1167 1560 turres

186 1617 283 1665 sutem
298 1603 395 1666 denisb
419 1604 562 1688 pedssrusd
586 1605 673 1688 qudm
687 1623 785 1664 murus
806 1600 920 1664 altiores
940 1613 1017 1662 sunt.
1060 1597 1168 1660 Totius

185 1703 280 1784 operis
313 1704 438 1767 ambitus
474 1705 624 1787 sexaginta
659 1703 747 1766 millia
780 1723 920 1786 passuum
955 1699 1166 1783 complectitur.

184 1799 315 1864 Mediam
331 1804 445 1865 urbem‘
466 1817 597 1886 penneat
611 1803 787 1886 Euphrdtes.
832 1803 943 1864 Arcem
965 1801 1054 1863 habet
1075 1798 1167 1882 vigin-

183 1901 205 1962 ti
218 1901 395 1964 stadiorum!
415 1903 561 1980 ambitu;‘
582 1925 670 1986 super
683 1925 719 1966 ea
741 1901 867 1986 pensiles
887 1901 962 1964 horti
982 1899 1168 1983 conspiciun-

183 2015 238 2078 tur,
252 2016 398 2086 tantasque
411 2017 479 2066 sunt
499 2004 590 2066 moles
607 2018 727 2088 tamque
740 2003 837 2080 firme,
850 2015 885 2064 ut
905 2001 995 2063 onera
1014 2001 1167 2062 neminum

184 2101 246 2164 sine
260 2102 430 2164 detrimento
444 2103 547 2166 ierant.

229 2204 280 2264 55.
305 2202 493 2284 Amplissima
507 2200 585 2264 Asia
598 2202 697 2283 regio*
718 2202 803 2264 India
818 2200 942 2284 primdm
966 2197 1111 2282 patefacta
1125 2211 1169 2262 est

186 2300 273 2363 armis
293 2299 452 2364 Alexandri
466 2299 581 2383 Magni,
594 2300 668 2383 regis
688 2299 881 2376 Macedoniae,
896 2298 979 2383 eujus
1000 2299 1169 2382 exemplum

185 2408 366 2464 successures
391 2401 483 2464 secuti
507 2401 537 2464 in
565 2399 708 2465 interiora¹
738 2399 827 2462 Iudiae
856 2405 1089 2482 penetraverunt.
1133 2399 1168 2462 In

185 2521 222 2564 eo
236 2513 338 2577 tractu,
354 2521 441 2583 quem
457 2501 629 2564 Aiexander
640 2500 764 2582 subegit,
780 2499 907 2584 quinque
921 2499 1027 2563 mittat
1044 2499 1168 2584 oppido·

185 2621 248 2663 rum
272 2599 367 2677 fuisse,
392 2614 550 2684 gentesque
578 2622 694 2677 novem,
719 2599 890 2683 Indiamque
916 2600 1026 2664 tertiam
1054 2614 1166 2684 partem

133 2719 136 2722 ·
185 2721 249 2763 csse
265 2707 402 2762 tenorum
423 2701 562 2778 omnium,
577 2701 639 2786 ejus
659 2701 781 2764 comites
802 2700 986 2783 scripserunt.
1030 2700 1167 2782 Ingentes

185 2800 224 2862 ibi
246 2814 313 2862 sunt
333 2821 443 2877 amnes,
459 2800 599 2864 Indus'et
620 2801 716 2863 Indo*
739 2799 831 2885 major
851 2799 981 2882 Ganges.
1026 2799 1116 2862 Indus
1137 2799 1166 2862 in

185 2899 375 2983 Paropamiso
395 2914 472 2963 ortus
494 2901 672 2984 undeviginti
693 2922 794 2963 amnes
814 2901 928 2984 recipit,
944 2899 1066 2963 totidem
1083 2899 1167 2963 Gan·

185 3021 235 3083 ges
249 2999 379 3083 interque
393 3022 442 3064 eos
457 3001 553 3084 plures
567 3001 756 3084 navigabdes.

227 3102 279 3164 56.
308 3099 444 3164 Maxima
466 3103 496 3163 in
519 3101 603 3164 Indid
631 3101 787 3184 gignuntur
815 3101 959 3164 animalia.
1004 3100 1104 3164 Canes
1128 3101 1167 3164 ibi

185 3201 347 3282 grandiores
374 3201 488 3264 ceteris.
543 3202 669 3265 Arbores
697 3215 784 3263 tantas
813 3201 990 3284 pmoeritdtis
1019 3223 1083 3264 esse
1110 3215 1167 3264 tra·

185 3301 299 3378 duntur,
313 3314 345 3363 ut
361 3300 471 3383 sagittis
492 3301 633 3384 superjeci
654 3315 810 3384 nequeant.
856 3300 940 3364 Hoc⁸
964 3299 1062 3362 efficit
1082 3302 1166 3364 uber·

248 3503 357 3564 ¹wass
561 3501 668 3564 ⁸aazia.
842 3503 1093 3568 ‘salassus

248 3579 357 3641 tarro,
368 3579 416 3627 111.
557 3578 747 3640 aternus.
838 3581 947 3644 stura.

250 3656 390 3719 ‘torar
559 3655 666 3718 ‘taso
840 3658 946 3721 tasse.

247 3734 399 3800 ‘tasum
412 3735 450 3783 ra
556 3733 666 3798 *teos
839 3735 1019 3801 ¹§soranus
