<?xml version="1.0" encoding="UTF-8"?>
<!DOCTYPE html PUBLIC "-//W3C//DTD XHTML 1.0 Transitional//EN"
    "http://www.w3.org/TR/xhtml1/DTD/xhtml1-transitional.dtd">
<html xmlns="http://www.w3.org/1999/xhtml" xml:lang="en" lang="en">
 <head>
  <title>
</title>
<meta http-equiv="Content-Type" content="text/html;charset=utf-8" />
  <meta name='ocr-system' content='tesseract 3.04.00' />
  <meta name='ocr-capabilities' content='ocr_page ocr_carea ocr_par ocr_line ocrx_word'/>
</head>
<body>
  <div class='ocr_page' id='page_1' title='image "./firstpartjacobs00brewgoog_0103.png"; bbox 0 0 2656 4304; ppageno 0'>
   <div class='ocr_carea' id='block_1_1' title="bbox 196 419 828 486">
    <p class='ocr_par' dir='ltr' id='par_1_1' title="bbox 196 419 828 486">
     <span class='ocr_line' id='line_1_1' title="bbox 196 419 828 486; baseline -0.008 -11"><span class='ocrx_word' id='word_1_1' title='bbox 196 419 240 486; x_wconf 73' lang='lat'>92</span> <span class='ocrx_word' id='word_1_2' title='bbox 550 429 658 476; x_wconf 73' lang='lat' dir='ltr'>aum</span> <span class='ocrx_word' id='word_1_3' title='bbox 680 427 828 474; x_wconf 70' lang='lat' dir='ltr'>aaaron.</span> 
     </span>
    </p>
   </div>
   <div class='ocr_carea' id='block_1_2' title="bbox 192 572 1192 1266">
    <p class='ocr_par' dir='ltr' id='par_1_2' title="bbox 192 572 1192 1266">
     <span class='ocr_line' id='line_1_2' title="bbox 326 572 1192 662; baseline -0.007 -16.687"><span class='ocrx_word' id='word_1_4' title='bbox 326 587 418 647; x_wconf 93' lang='lat'>·.10</span> <span class='ocrx_word' id='word_1_5' title='bbox 444 581 536 646; x_wconf 84' lang='lat' dir='ltr'>Anno</span> <span class='ocrx_word' id='word_1_6' title='bbox 561 579 677 644; x_wconf 82' lang='lat' dir='ltr'>decimo</span> <span class='ocrx_word' id='word_1_7' title='bbox 703 589 804 662; x_wconf 74' lang='lat' dir='ltr'>quanto</span> <span class='ocrx_word' id='word_1_8' title='bbox 829 585 985 660; x_wconf 80' lang='lat' dir='ltr'>postquam</span> <span class='ocrx_word' id='word_1_9' title='bbox 1009 572 1040 636; x_wconf 87' lang='lat' dir='ltr'>in</span> <span class='ocrx_word' id='word_1_10' title='bbox 1067 573 1192 640; x_wconf 85' lang='lat' dir='ltr'>ltaliam</span> 
     </span>
     <span class='ocr_line' id='line_1_3' title="bbox 194 656 1191 764; baseline -0.012 -14"><span class='ocrx_word' id='word_1_11' title='bbox 194 659 227 707; x_wconf 81' lang='lat' dir='ltr'>A</span> <span class='ocrx_word' id='word_1_12' title='bbox 238 656 272 707; x_wconf 84' lang='lat' dir='ltr'>U</span> <span class='ocrx_word' id='word_1_13' title='bbox 324 682 476 748; x_wconf 73' lang='lat' dir='ltr'>Hannibal</span> <span class='ocrx_word' id='word_1_14' title='bbox 490 679 620 758; x_wconf 73' lang='lat' dir='ltr'>venirat,</span> <span class='ocrx_word' id='word_1_15' title='bbox 634 677 734 764; x_wconf 83' lang='lat' dir='ltr'>Scipio</span> <span class='ocrx_word' id='word_1_16' title='bbox 747 676 850 742; x_wconf 87' lang='lat' dir='ltr'>consul</span> <span class='ocrx_word' id='word_1_17' title='bbox 865 681 991 751; x_wconf 87' lang='lat' dir='ltr'>oreatus,</span> <span class='ocrx_word' id='word_1_18' title='bbox 1005 687 1035 736; x_wconf 88' lang='lat' dir='ltr'>et</span> <span class='ocrx_word' id='word_1_19' title='bbox 1057 674 1086 736; x_wconf 91' lang='lat' dir='ltr'>in</span> <span class='ocrx_word' id='word_1_20' title='bbox 1103 675 1191 738; x_wconf 80' lang='lat' dir='ltr'>Affi-</span> 
     </span>
     <span class='ocr_line' id='line_1_4' title="bbox 322 775 1186 852; baseline -0.01 -3"><span class='ocrx_word' id='word_1_21' title='bbox 322 807 389 850; x_wconf 84' lang='lat' dir='ltr'>cam</span> <span class='ocrx_word' id='word_1_22' title='bbox 417 783 521 846; x_wconf 70' lang='lat' dir='ltr'>masas</span> <span class='ocrx_word' id='word_1_23' title='bbox 551 795 604 846; x_wconf 86' lang='lat' dir='ltr'>est.</span> <span class='ocrx_word' id='word_1_24' title='bbox 648 779 694 844; x_wconf 92' lang='lat' dir='ltr'>Ibi</span> <span class='ocrx_word' id='word_1_25' title='bbox 725 793 826 844; x_wconf 79' lang='lat' dir='ltr'>conon</span> <span class='ocrx_word' id='word_1_26' title='bbox 855 775 1044 852; x_wconf 78' lang='lat' dir='ltr'>Hannonetn,</span> <span class='ocrx_word' id='word_1_27' title='bbox 1074 776 1186 840; x_wconf 91' lang='lat' dir='ltr'>ducem</span> 
     </span>
     <span class='ocr_line' id='line_1_5' title="bbox 194 877 1186 968; baseline -0.01 -18"><span class='ocrx_word' id='word_1_28' title='bbox 194 885 487 968; x_wconf 82' lang='lat' dir='ltr'>Carthaginiensimn,</span> <span class='ocrx_word' id='word_1_29' title='bbox 509 880 646 967; x_wconf 71' lang='lat' dir='ltr'>prospire</span> <span class='ocrx_word' id='word_1_30' title='bbox 669 893 790 964; x_wconf 82' lang='lat' dir='ltr'>pugnat,</span> <span class='ocrx_word' id='word_1_31' title='bbox 813 890 963 960; x_wconf 88' lang='lat' dir='ltr'>totumquo</span> <span class='ocrx_word' id='word_1_32' title='bbox 985 877 1046 962; x_wconf 90' lang='lat' dir='ltr'>ejus</span> <span class='ocrx_word' id='word_1_33' title='bbox 1068 879 1186 940; x_wconf 82' lang='lat' dir='ltr'>exerci-</span> 
     </span>
     <span class='ocr_line' id='line_1_6' title="bbox 193 977 1185 1066; baseline -0.007 -17"><span class='ocrx_word' id='word_1_34' title='bbox 193 1000 257 1050; x_wconf 88' lang='lat' dir='ltr'>tum</span> <span class='ocrx_word' id='word_1_35' title='bbox 278 987 366 1050; x_wconf 89' lang='lat' dir='ltr'>delet.</span> <span class='ocrx_word' id='word_1_36' title='bbox 411 984 548 1048; x_wconf 89' lang='lat' dir='ltr'>Secundo</span> <span class='ocrx_word' id='word_1_37' title='bbox 568 980 672 1066; x_wconf 77' lang='lat' dir='ltr'>proelio</span> <span class='ocrx_word' id='word_1_38' title='bbox 692 978 831 1042; x_wconf 80' lang='lat' dir='ltr'>undecim</span> <span class='ocrx_word' id='word_1_39' title='bbox 852 977 942 1040; x_wconf 88' lang='lat' dir='ltr'>millia</span> <span class='ocrx_word' id='word_1_40' title='bbox 962 977 1115 1040; x_wconf 88' lang='lat' dir='ltr'>hominum</span> <span class='ocrx_word' id='word_1_41' title='bbox 1129 1000 1185 1042; x_wconf 88' lang='lat' dir='ltr'>oc·</span> 
     </span>
     <span class='ocr_line' id='line_1_7' title="bbox 193 1077 1184 1166; baseline -0.008 -17"><span class='ocrx_word' id='word_1_42' title='bbox 193 1087 273 1162; x_wconf 87' lang='lat' dir='ltr'>cidit,</span> <span class='ocrx_word' id='word_1_43' title='bbox 298 1100 329 1147; x_wconf 87' lang='lat' dir='ltr'>et</span> <span class='ocrx_word' id='word_1_44' title='bbox 353 1098 448 1148; x_wconf 85' lang='lat' dir='ltr'>castra</span> <span class='ocrx_word' id='word_1_45' title='bbox 474 1081 555 1166; x_wconf 89' lang='lat' dir='ltr'>cepit</span> <span class='ocrx_word' id='word_1_46' title='bbox 578 1102 648 1144; x_wconf 87' lang='lat' dir='ltr'>cum</span> <span class='ocrx_word' id='word_1_47' title='bbox 671 1093 794 1164; x_wconf 88' lang='lat' dir='ltr'>quatuor</span> <span class='ocrx_word' id='word_1_48' title='bbox 815 1079 941 1142; x_wconf 90' lang='lat' dir='ltr'>millibus</span> <span class='ocrx_word' id='word_1_49' title='bbox 965 1091 995 1140; x_wconf 90' lang='lat' dir='ltr'>et</span> <span class='ocrx_word' id='word_1_50' title='bbox 1018 1077 1184 1162; x_wconf 81' lang='lat' dir='ltr'>quingentis</span> 
     </span>
     <span class='ocr_line' id='line_1_8' title="bbox 192 1178 1183 1266; baseline -0.004 -20"><span class='ocrx_word' id='word_1_51' title='bbox 192 1185 340 1246; x_wconf 75' lang='lat' dir='ltr'>militssms.</span> <span class='ocrx_word' id='word_1_52' title='bbox 384 1183 565 1266; x_wconf 75' lang='lat' dir='ltr'>Syphacem,</span> <span class='ocrx_word' id='word_1_53' title='bbox 579 1179 725 1244; x_wconf 79' lang='lat' dir='ltr'>Numidiae</span> <span class='ocrx_word' id='word_1_54' title='bbox 747 1203 856 1265; x_wconf 85' lang='lat' dir='ltr'>regem,</span> <span class='ocrx_word' id='word_1_55' title='bbox 871 1178 920 1263; x_wconf 91' lang='lat' dir='ltr'>qui</span> <span class='ocrx_word' id='word_1_56' title='bbox 940 1200 973 1242; x_wconf 91' lang='lat' dir='ltr'>se</span> <span class='ocrx_word' id='word_1_57' title='bbox 993 1199 1063 1242; x_wconf 89' lang='lat' dir='ltr'>cum</span> <span class='ocrx_word' id='word_1_58' title='bbox 1076 1179 1183 1242; x_wconf 88' lang='lat' dir='ltr'>Poenis</span> 
     </span>
    </p>
   </div>
   <div class='ocr_carea' id='block_1_3' title="bbox 203 735 259 784">
    <p class='ocr_par' dir='ltr' id='par_1_3' title="bbox 203 735 259 784">
     <span class='ocr_line' id='line_1_9' title="bbox 203 735 259 784; baseline 0 0"><span class='ocrx_word' id='word_1_59' title='bbox 203 735 259 784; x_wconf 81' lang='lat'><strong>550.</strong></span> 
     </span>
    </p>
   </div>
   <div class='ocr_carea' id='block_1_4' title="bbox 185 1277 1182 2662">
    <p class='ocr_par' dir='ltr' id='par_1_4' title="bbox 191 1277 1182 1766">
     <span class='ocr_line' id='line_1_10' title="bbox 192 1277 1182 1369; baseline -0.004 -21"><span class='ocrx_word' id='word_1_60' title='bbox 192 1283 393 1369; x_wconf 66' lang='lat' dir='ltr'>conjunxit-at,</span> <span class='ocrx_word' id='word_1_61' title='bbox 418 1282 506 1366; x_wconf 86' lang='lat' dir='ltr'>cepit,</span> <span class='ocrx_word' id='word_1_62' title='bbox 532 1303 660 1366; x_wconf 83' lang='lat' dir='ltr'>eumque</span> <span class='ocrx_word' id='word_1_63' title='bbox 687 1303 757 1346; x_wconf 91' lang='lat' dir='ltr'>cum</span> <span class='ocrx_word' id='word_1_64' title='bbox 780 1279 963 1344; x_wconf 86' lang='lat' dir='ltr'>nobilissimis</span> <span class='ocrx_word' id='word_1_65' title='bbox 989 1277 1124 1344; x_wconf 90' lang='lat' dir='ltr'>Numidis</span> <span class='ocrx_word' id='word_1_66' title='bbox 1150 1297 1182 1344; x_wconf 86' lang='lat' dir='ltr'>et</span> 
     </span>
     <span class='ocr_line' id='line_1_11' title="bbox 191 1379 1181 1467; baseline -0.002 -22"><span class='ocrx_word' id='word_1_67' title='bbox 191 1382 306 1447; x_wconf 88' lang='lat' dir='ltr'>infinitis</span> <span class='ocrx_word' id='word_1_68' title='bbox 327 1383 424 1467; x_wconf 87' lang='lat' dir='ltr'>spoliis</span> <span class='ocrx_word' id='word_1_69' title='bbox 446 1382 577 1446; x_wconf 85' lang='lat' dir='ltr'>Romam</span> <span class='ocrx_word' id='word_1_70' title='bbox 598 1381 684 1446; x_wconf 82' lang='lat' dir='ltr'><strong>misit.</strong></span> <span class='ocrx_word' id='word_1_71' title='bbox 728 1380 853 1456; x_wconf 83' lang='lat' dir='ltr'>Quare</span> <span class='ocrx_word' id='word_1_72' title='bbox 874 1379 982 1458; x_wconf 88' lang='lat' dir='ltr'>audita,</span> <span class='ocrx_word' id='word_1_73' title='bbox 1004 1379 1097 1442; x_wconf 89' lang='lat' dir='ltr'>onmis</span> <span class='ocrx_word' id='word_1_74' title='bbox 1119 1379 1181 1444; x_wconf 71' lang='lat' dir='ltr'>sere</span> 
     </span>
     <span class='ocr_line' id='line_1_12' title="bbox 321 1479 1181 1566; baseline -0.007 -18"><span class='ocrx_word' id='word_1_75' title='bbox 321 1483 406 1548; x_wconf 81' lang='lat' dir='ltr'>Italia</span> <span class='ocrx_word' id='word_1_76' title='bbox 435 1481 634 1546; x_wconf 67' lang='lat' dir='ltr'>Hannibalem</span> <span class='ocrx_word' id='word_1_77' title='bbox 663 1481 777 1544; x_wconf 67' lang='lat' dir='ltr'>desinit.</span> <span class='ocrx_word' id='word_1_78' title='bbox 821 1479 890 1566; x_wconf 86' lang='lat' dir='ltr'>Ipse</span> <span class='ocrx_word' id='word_1_79' title='bbox 915 1503 933 1544; x_wconf 87' lang='lat' dir='ltr'>a</span> <span class='ocrx_word' id='word_1_80' title='bbox 957 1479 1181 1562; x_wconf 83' lang='lat' dir='ltr'>Carthaginien·</span> 
     </span>
     <span class='ocr_line' id='line_1_13' title="bbox 264 1580 1179 1668; baseline -0.001 -20.936"><span class='ocrx_word' id='word_1_81' title='bbox 264 1583 422 1648; x_wconf 88' lang='lat' dir='ltr'>&#39;sibus</span> <span class='ocrx_word' id='word_1_82' title='bbox 414 1606 444 1646; x_wconf 91' lang='lat' dir='ltr'>m</span> <span class='ocrx_word' id='word_1_83' title='bbox 460 1583 593 1648; x_wconf 84' lang='lat' dir='ltr'>Allicam</span> <span class='ocrx_word' id='word_1_84' title='bbox 611 1583 704 1646; x_wconf 85' lang='lat' dir='ltr'>redire</span> <span class='ocrx_word' id='word_1_85' title='bbox 721 1583 849 1668; x_wconf 76' lang='lat' dir='ltr'>jubetur.</span> <span class='ocrx_word' id='word_1_86' title='bbox 896 1580 942 1644; x_wconf 86' lang='lat' dir='ltr'>lta</span> <span class='ocrx_word' id='word_1_87' title='bbox 963 1603 1041 1644; x_wconf 88' lang='lat' dir='ltr'>anno</span> <span class='ocrx_word' id='word_1_88' title='bbox 1062 1581 1179 1646; x_wconf 88' lang='lat' dir='ltr'>decimo</span> 
     </span>
     <span class='ocr_line' id='line_1_14' title="bbox 198 1667 981 1766; baseline 0 -22"><span class='ocrx_word' id='word_1_89' title='bbox 198 1739 202 1744; x_wconf 91' lang='lat'>.</span> <span class='ocrx_word' id='word_1_90' title='bbox 256 1667 262 1680; x_wconf 61' lang='grc'>’</span> <span class='ocrx_word' id='word_1_91' title='bbox 319 1685 446 1766; x_wconf 89' lang='lat' dir='ltr'>septimo</span> <span class='ocrx_word' id='word_1_92' title='bbox 460 1683 545 1746; x_wconf 85' lang='lat' dir='ltr'>ltalia</span> <span class='ocrx_word' id='word_1_93' title='bbox 559 1683 597 1746; x_wconf 90' lang='lat' dir='ltr'>ab</span> <span class='ocrx_word' id='word_1_94' title='bbox 613 1681 781 1746; x_wconf 84' lang='lat' dir='ltr'>Hannibale</span> <span class='ocrx_word' id='word_1_95' title='bbox 794 1682 913 1744; x_wconf 70' lang='lat' dir='ltr'>liberata</span> <span class='ocrx_word' id='word_1_96' title='bbox 928 1695 981 1744; x_wconf 88' lang='lat' dir='ltr'>est.</span> 
     </span>
    </p>

    <p class='ocr_par' dir='ltr' id='par_1_5' title="bbox 185 1781 1178 2662">
     <span class='ocr_line' id='line_1_15' title="bbox 236 1781 1178 1867; baseline 0.003 -24"><span class='ocrx_word' id='word_1_97' title='bbox 236 1786 286 1844; x_wconf 91' lang='lat' dir='ltr'>ll.</span> <span class='ocrx_word' id='word_1_98' title='bbox 330 1782 403 1844; x_wconf 90' lang='lat' dir='ltr'><strong>Post</strong></span> <span class='ocrx_word' id='word_1_99' title='bbox 424 1783 520 1864; x_wconf 91' lang='lat' dir='ltr'>plnres</span> <span class='ocrx_word' id='word_1_100' title='bbox 543 1804 656 1864; x_wconf 86' lang='lat' dir='ltr'>pugnas</span> <span class='ocrx_word' id='word_1_101' title='bbox 677 1795 707 1844; x_wconf 90' lang='lat' dir='ltr'>et</span> <span class='ocrx_word' id='word_1_102' title='bbox 729 1803 834 1864; x_wconf 86' lang='lat' dir='ltr'>paoem</span> <span class='ocrx_word' id='word_1_103' title='bbox 856 1781 936 1867; x_wconf 78' lang='lat' dir='ltr'>plius‘</span> <span class='ocrx_word' id='word_1_104' title='bbox 962 1782 1052 1846; x_wconf 89' lang='lat' dir='ltr'>semel</span> <span class='ocrx_word' id='word_1_105' title='bbox 1074 1782 1178 1846; x_wconf 84' lang='lat' dir='ltr'>frustra</span> 
     </span>
     <span class='ocr_line' id='line_1_16' title="bbox 191 1880 1176 1968; baseline 0.005 -25"><span class='ocrx_word' id='word_1_106' title='bbox 191 1888 341 1958; x_wconf 76' lang='lat' dir='ltr'>tentatam,</span> <span class='ocrx_word' id='word_1_107' title='bbox 356 1903 455 1964; x_wconf 85' lang='lat' dir='ltr'>pugna</span> <span class='ocrx_word' id='word_1_108' title='bbox 475 1882 513 1946; x_wconf 88' lang='lat' dir='ltr'>ad</span> <span class='ocrx_word' id='word_1_109' title='bbox 527 1880 655 1944; x_wconf 87' lang='lat' dir='ltr'>Zamam</span> <span class='ocrx_word' id='word_1_110' title='bbox 669 1883 867 1960; x_wconf 86' lang='lat' dir='ltr'>committitur,</span> <span class='ocrx_word' id='word_1_111' title='bbox 881 1883 911 1946; x_wconf 90' lang='lat' dir='ltr'>in</span> <span class='ocrx_word' id='word_1_112' title='bbox 934 1885 993 1968; x_wconf 75' lang='lat' dir='ltr'>qual</span> <span class='ocrx_word' id='word_1_113' title='bbox 1014 1884 1176 1968; x_wconf 80' lang='lat' dir='ltr'>peritissimi</span> 
     </span>
     <span class='ocr_line' id='line_1_17' title="bbox 189 1981 1176 2068; baseline 0.004 -24"><span class='ocrx_word' id='word_1_114' title='bbox 189 1981 280 2056; x_wconf 74' lang='lat' dir='ltr'>duces</span> <span class='ocrx_word' id='word_1_115' title='bbox 309 1981 409 2065; x_wconf 89' lang='lat' dir='ltr'>copias</span> <span class='ocrx_word' id='word_1_116' title='bbox 437 2003 504 2045; x_wconf 89' lang='lat' dir='ltr'>suas</span> <span class='ocrx_word' id='word_1_117' title='bbox 532 1983 571 2046; x_wconf 86' lang='lat' dir='ltr'>ad</span> <span class='ocrx_word' id='word_1_118' title='bbox 598 1982 708 2046; x_wconf 90' lang='lat' dir='ltr'>bellum</span> <span class='ocrx_word' id='word_1_119' title='bbox 737 1983 912 2046; x_wconf 76' lang='lat' dir='ltr'>educebant.</span> <span class='ocrx_word' id='word_1_120' title='bbox 956 1984 1055 2068; x_wconf 83' lang='lat' dir='ltr'>Scipio</span> <span class='ocrx_word' id='word_1_121' title='bbox 1084 1985 1176 2048; x_wconf 88' lang='lat' dir='ltr'>victor</span> 
     </span>
     <span class='ocr_line' id='line_1_18' title="bbox 188 2081 1174 2167; baseline 0.006 -25"><span class='ocrx_word' id='word_1_122' title='bbox 188 2082 317 2160; x_wconf 72' lang='lat' dir='ltr'>recedit;</span> <span class='ocrx_word' id='word_1_123' title='bbox 340 2081 491 2146; x_wconf 86' lang='lat' dir='ltr'>Hannibal</span> <span class='ocrx_word' id='word_1_124' title='bbox 512 2105 581 2146; x_wconf 90' lang='lat' dir='ltr'>cum</span> <span class='ocrx_word' id='word_1_125' title='bbox 599 2083 699 2166; x_wconf 87' lang='lat' dir='ltr'>paucis</span> <span class='ocrx_word' id='word_1_126' title='bbox 714 2083 859 2167; x_wconf 88' lang='lat' dir='ltr'>equitibus</span> <span class='ocrx_word' id='word_1_127' title='bbox 873 2083 980 2148; x_wconf 75' lang='lat' dir='ltr'>evadit.</span> <span class='ocrx_word' id='word_1_128' title='bbox 1024 2085 1096 2148; x_wconf 89' lang='lat' dir='ltr'>Post</span> <span class='ocrx_word' id='word_1_129' title='bbox 1117 2086 1174 2149; x_wconf 92' lang='lat' dir='ltr'>hoc</span> 
     </span>
     <span class='ocr_line' id='line_1_19' title="bbox 188 2181 1173 2270; baseline 0.004 -26"><span class='ocrx_word' id='word_1_130' title='bbox 188 2182 324 2264; x_wconf 87' lang='lat' dir='ltr'>proelium</span> <span class='ocrx_word' id='word_1_131' title='bbox 353 2204 414 2266; x_wconf 81' lang='lat' dir='ltr'>pax</span> <span class='ocrx_word' id='word_1_132' title='bbox 441 2204 511 2246; x_wconf 90' lang='lat' dir='ltr'>oum</span> <span class='ocrx_word' id='word_1_133' title='bbox 540 2181 829 2266; x_wconf 84' lang='lat' dir='ltr'>Carthaginiensibus</span> <span class='ocrx_word' id='word_1_134' title='bbox 858 2184 936 2248; x_wconf 82' lang='lat' dir='ltr'>sacta</span> <span class='ocrx_word' id='word_1_135' title='bbox 965 2198 1018 2247; x_wconf 87' lang='lat' dir='ltr'>est.</span> <span class='ocrx_word' id='word_1_136' title='bbox 1063 2185 1173 2270; x_wconf 86' lang='lat' dir='ltr'>Scipio,</span> 
     </span>
     <span class='ocr_line' id='line_1_20' title="bbox 188 2281 1173 2370; baseline 0.005 -27"><span class='ocrx_word' id='word_1_137' title='bbox 188 2302 278 2364; x_wconf 80' lang='lat' dir='ltr'>quum</span> <span class='ocrx_word' id='word_1_138' title='bbox 304 2281 433 2346; x_wconf 87' lang='lat' dir='ltr'>Romam</span> <span class='ocrx_word' id='word_1_139' title='bbox 458 2284 596 2361; x_wconf 82' lang='lat' dir='ltr'>rediisset,</span> <span class='ocrx_word' id='word_1_140' title='bbox 617 2284 727 2368; x_wconf 85' lang='lat' dir='ltr'>ingenti</span> <span class='ocrx_word' id='word_1_141' title='bbox 750 2285 841 2368; x_wconf 74' lang='lat' dir='ltr'>gloriai</span> <span class='ocrx_word' id='word_1_142' title='bbox 865 2285 1062 2369; x_wconf 78' lang='lat' dir='ltr'>tiiumpha&#39;tvit‚</span> <span class='ocrx_word' id='word_1_143' title='bbox 1086 2301 1173 2370; x_wconf 87' lang='lat' dir='ltr'>atque</span> 
     </span>
     <span class='ocr_line' id='line_1_21' title="bbox 186 2381 1171 2470; baseline 0.006 -28"><span class='ocrx_word' id='word_1_144' title='bbox 186 2381 343 2446; x_wconf 75' lang='lat' dir='ltr'>Afficanus</span> <span class='ocrx_word' id='word_1_145' title='bbox 371 2385 536 2468; x_wconf 73' lang='lat' dir='ltr'>appellatus</span> <span class='ocrx_word' id='word_1_146' title='bbox 564 2399 618 2448; x_wconf 77' lang='lat' dir='ltr'>ost.</span> <span class='ocrx_word' id='word_1_147' title='bbox 670 2385 720 2448; x_wconf 89' lang='lat' dir='ltr'>Sic</span> <span class='ocrx_word' id='word_1_148' title='bbox 748 2386 835 2448; x_wconf 89' lang='lat' dir='ltr'>finem</span> <span class='ocrx_word' id='word_1_149' title='bbox 865 2387 980 2470; x_wconf 77' lang='lat' dir='ltr'>accepit</span> <span class='ocrx_word' id='word_1_150' title='bbox 1012 2388 1171 2448; x_wconf 88' lang='lat' dir='ltr'>secundnm</span> 
     </span>
     <span class='ocr_line' id='line_1_22' title="bbox 186 2477 1169 2570; baseline 0.007 -28"><span class='ocrx_word' id='word_1_151' title='bbox 186 2477 336 2546; x_wconf 89' lang='lat' dir='ltr'>Punicum</span> <span class='ocrx_word' id='word_1_152' title='bbox 370 2485 480 2548; x_wconf 89' lang='lat' dir='ltr'>bellum</span> <span class='ocrx_word' id='word_1_153' title='bbox 516 2485 600 2570; x_wconf 75' lang='lat' dir='ltr'>pbst⁶</span> <span class='ocrx_word' id='word_1_154' title='bbox 645 2507 754 2548; x_wconf 86' lang='lat' dir='ltr'>annmn</span> <span class='ocrx_word' id='word_1_155' title='bbox 789 2486 1039 2550; x_wconf 87' lang='lat' dir='ltr'>undevicesimum</span> <span class='ocrx_word' id='word_1_156' title='bbox 1083 2488 1169 2570; x_wconf 75' lang='lat' dir='ltr'>quam</span> 
     </span>
     <span class='ocr_line' id='line_1_23' title="bbox 185 2593 327 2662; baseline 0 -20"><span class='ocrx_word' id='word_1_157' title='bbox 185 2593 327 2662; x_wconf 82' lang='lat' dir='ltr'>coeperat.</span> 
     </span>
    </p>
   </div>
   <div class='ocr_carea' id='block_1_5' title="bbox 191 1554 261 1605">
    <p class='ocr_par' dir='ltr' id='par_1_6' title="bbox 191 1554 261 1605">
     <span class='ocr_line' id='line_1_24' title="bbox 191 1554 261 1605; baseline 0 -3"><span class='ocrx_word' id='word_1_158' title='bbox 191 1554 261 1605; x_wconf 72' lang='grc' dir='ltr'>Μ]</span> 
     </span>
    </p>
   </div>
   <div class='ocr_carea' id='block_1_6' title="bbox 524 2952 831 3012">
    <p class='ocr_par' dir='ltr' id='par_1_7' title="bbox 524 2952 831 3012">
     <span class='ocr_line' id='line_1_25' title="bbox 524 2952 831 3012; baseline 0.01 -13"><span class='ocrx_word' id='word_1_159' title='bbox 524 2952 631 3002; x_wconf 84' lang='lat' dir='ltr'><strong>LIBER</strong></span> <span class='ocrx_word' id='word_1_160' title='bbox 653 2954 831 3012; x_wconf 82' lang='lat' dir='ltr'><strong>QUARTUS.</strong></span> 
     </span>
    </p>
   </div>
   <div class='ocr_carea' id='block_1_7' title="bbox 182 3094 1167 3590">
    <p class='ocr_par' dir='ltr' id='par_1_8' title="bbox 184 3094 1167 3292">
     <span class='ocr_line' id='line_1_26' title="bbox 184 3094 1167 3213; baseline 0.011 -55"><span class='ocrx_word' id='word_1_161' title='bbox 184 3162 252 3213; x_wconf 76' lang='lat' dir='ltr'>AU</span> <span class='ocrx_word' id='word_1_162' title='bbox 358 3099 386 3160; x_wconf 93' lang='lat'>1.</span> <span class='ocrx_word' id='word_1_163' title='bbox 416 3094 445 3158; x_wconf 86' lang='lat' dir='ltr'><strong>F</strong></span> <span class='ocrx_word' id='word_1_164' title='bbox 446 3101 531 3162; x_wconf 80' lang='lat' dir='ltr'>mino</span> <span class='ocrx_word' id='word_1_165' title='bbox 564 3100 681 3164; x_wconf 90' lang='lat' dir='ltr'>Punico</span> <span class='ocrx_word' id='word_1_166' title='bbox 712 3103 800 3181; x_wconf 92' lang='lat' dir='ltr'>bello,</span> <span class='ocrx_word' id='word_1_167' title='bbox 828 3111 960 3168; x_wconf 78' lang='lat' dir='ltr'>secutum</span> <span class='ocrx_word' id='word_1_168' title='bbox 992 3105 1038 3168; x_wconf 72' lang='lat' dir='ltr'>&#39;est</span> <span class='ocrx_word' id='word_1_169' title='bbox 1065 3105 1167 3169; x_wconf 85' lang='lat' dir='ltr'>Mace-</span> 
     </span>
     <span class='ocr_line' id='line_1_27' title="bbox 198 3195 1166 3292; baseline 0.011 -35"><span class='ocrx_word' id='word_1_170' title='bbox 198 3199 262 3292; x_wconf 68' lang='lat'>5‘56</span> <span class='ocrx_word' id='word_1_171' title='bbox 314 3195 466 3260; x_wconf 78' lang='lat' dir='ltr'>donicum⁰</span> <span class='ocrx_word' id='word_1_172' title='bbox 481 3213 582 3268; x_wconf 86' lang='lat' dir='ltr'>contra</span> <span class='ocrx_word' id='word_1_173' title='bbox 598 3201 770 3284; x_wconf 91' lang='lat' dir='ltr'>Philippum</span> <span class='ocrx_word' id='word_1_174' title='bbox 791 3225 900 3287; x_wconf 85' lang='lat' dir='ltr'>regem.</span> <span class='ocrx_word' id='word_1_175' title='bbox 923 3205 1104 3290; x_wconf 77' lang='lat' dir='ltr'>,Superatus</span> <span class='ocrx_word' id='word_1_176' title='bbox 1125 3221 1166 3268; x_wconf 86' lang='lat' dir='ltr'>est</span> 
     </span>
    </p>

    <p class='ocr_par' dir='ltr' id='par_1_9' title="bbox 182 3297 1165 3590">
     <span class='ocr_line' id='line_1_28' title="bbox 314 3297 1164 3390; baseline 0.012 -32"><span class='ocrx_word' id='word_1_177' title='bbox 314 3317 365 3359; x_wconf 86' lang='lat' dir='ltr'>rex</span> <span class='ocrx_word' id='word_1_178' title='bbox 387 3319 405 3360; x_wconf 86' lang='lat' dir='ltr'>a</span> <span class='ocrx_word' id='word_1_179' title='bbox 426 3297 468 3360; x_wconf 91' lang='lat' dir='ltr'>T.</span> <span class='ocrx_word' id='word_1_180' title='bbox 484 3298 626 3372; x_wconf 83' lang='lat' dir='ltr'>Quinctio</span> <span class='ocrx_word' id='word_1_181' title='bbox 647 3299 793 3365; x_wconf 84' lang='lat' dir='ltr'>Flaminio</span> <span class='ocrx_word' id='word_1_182' title='bbox 814 3307 894 3388; x_wconf 88' lang='lat' dir='ltr'>apud</span> <span class='ocrx_word' id='word_1_183' title='bbox 915 3304 1164 3390; x_wconf 70' lang='lat' dir='ltr'>Cynoscephalas,</span> 
     </span>
     <span class='ocr_line' id='line_1_29' title="bbox 182 3396 1165 3482; baseline 0.014 -29"><span class='ocrx_word' id='word_1_184' title='bbox 182 3411 301 3474; x_wconf 79' lang='lat' dir='ltr'>paxque</span> <span class='ocrx_word' id='word_1_185' title='bbox 321 3396 350 3456; x_wconf 90' lang='lat' dir='ltr'>ei</span> <span class='ocrx_word' id='word_1_186' title='bbox 374 3398 444 3460; x_wconf 85' lang='lat' dir='ltr'>data</span> <span class='ocrx_word' id='word_1_187' title='bbox 464 3413 509 3462; x_wconf 76' lang='lat' dir='ltr'>est</span> <span class='ocrx_word' id='word_1_188' title='bbox 535 3399 579 3461; x_wconf 88' lang='lat' dir='ltr'>his</span> <span class='ocrx_word' id='word_1_189' title='bbox 601 3399 753 3482; x_wconf 73' lang='lat' dir='ltr'>legssiusz&#39;l</span> <span class='ocrx_word' id='word_1_190' title='bbox 775 3426 811 3467; x_wconf 84' lang='lat' dir='ltr'>ne</span> <span class='ocrx_word' id='word_1_191' title='bbox 839 3405 965 3469; x_wconf 66' lang='lat' dir='ltr'>Gracia</span> <span class='ocrx_word' id='word_1_192' title='bbox 990 3405 1165 3482; x_wconf 79' lang='lat' dir='ltr'>civitatibus,</span> 
     </span>
     <span class='ocr_line' id='line_1_30' title="bbox 182 3489 1163 3590; baseline 0.016 -37"><span class='ocrx_word' id='word_1_193' title='bbox 182 3509 256 3572; x_wconf 77' lang='lat' dir='ltr'>quaa</span> <span class='ocrx_word' id='word_1_194' title='bbox 280 3489 412 3556; x_wconf 65' lang='lat' dir='ltr'>Romaim</span> <span class='ocrx_word' id='word_1_195' title='bbox 435 3507 537 3561; x_wconf 82' lang='lat' dir='ltr'>contra</span> <span class='ocrx_word' id='word_1_196' title='bbox 563 3519 626 3562; x_wconf 83' lang='lat' dir='ltr'>eum</span> <span class='ocrx_word' id='word_1_197' title='bbox 650 3501 853 3585; x_wconf 51' lang='lat' dir='ltr'>desecuerant,</span> <span class='ocrx_word' id='word_1_198' title='bbox 879 3505 985 3569; x_wconf 69' lang='grc' dir='ltr'>ὁεῖἰιιιιι</span> <span class='ocrx_word' id='word_1_199' title='bbox 1006 3506 1130 3590; x_wconf 79' lang='lat' dir='ltr'>inferret</span> <span class='ocrx_word' id='word_1_200' title='bbox 1140 3505 1163 3582; x_wconf 82' lang='lat'>,·‘</span> 
     </span>
    </p>
   </div>
   <div class='ocr_carea' id='block_1_8' title="bbox 243 3651 1097 3804">
    <p class='ocr_par' dir='ltr' id='par_1_10' title="bbox 243 3651 1097 3804">
     <span class='ocr_line' id='line_1_31' title="bbox 243 3651 1097 3734; baseline 0.023 -36"><span class='ocrx_word' id='word_1_201' title='bbox 243 3651 430 3716; x_wconf 68' lang='lat' dir='ltr'>*sesana</span> <span class='ocrx_word' id='word_1_202' title='bbox 573 3663 876 3732; x_wconf 53' lang='lat' dir='ltr'>‘amanzenas</span> <span class='ocrx_word' id='word_1_203' title='bbox 990 3670 1097 3734; x_wconf 46' lang='lat' dir='ltr'>wem.</span> 
     </span>
     <span class='ocr_line' id='line_1_32' title="bbox 244 3727 726 3804; baseline 0.025 -25"><span class='ocrx_word' id='word_1_204' title='bbox 244 3727 430 3795; x_wconf 62' lang='lat' dir='ltr'>»tesana</span> <span class='ocrx_word' id='word_1_205' title='bbox 572 3739 726 3804; x_wconf 68' lang='lat'>⁶§249‚11.</span> 
     </span>
    </p>
   </div>
   <div class='ocr_carea' id='block_1_9' title="bbox 0 0 1332 4304">
    <p class='ocr_par' dir='ltr' id='par_1_11' title="bbox 0 0 1332 4304">
     <span class='ocr_line' id='line_1_33' title="bbox 0 0 1332 4304; baseline 0 7"><span class='ocrx_word' id='word_1_206' title='bbox 0 0 1332 4304; x_wconf 95' lang='lat' dir='ltr'> </span> 
     </span>
    </p>
   </div>
  </div>
 </body>
</html>
