2656 4304
179 411 223 476 82
534 429 642 474 nouas
663 429 810 474 mercar.

177 577 283 644 onious
296 577 374 644 ilecti
394 575 518 664 poterat,
533 591 567 642 ut
581 579 678 664 patrie
700 579 843 664 parodret.
887 578 1029 663 Denique
1043 579 1176 645 Veturia

177 693 271 744 mater
284 692 315 742 et
330 677 489 744 Volumnia
510 701 585 743 uxor
604 702 644 743 ex
665 681 737 744 urbe
758 681 795 743 ad
817 701 885 744 eum
906 687 1070 758 venerunt;
1093 703 1175 765 qua·

177 801 241 844 rum
260 780 331 844 fletu
352 795 383 844 et
408 781 543 866 preodrus
564 789 729 846 commotus
754 795 807 858 est,
830 795 863 844 ut
885 784 1046 846 exercitum
1070 803 1173 844 remo-

177 887 269 944 veret.
322 881 394 956 Quo
422 881 501 946 sacto
528 903 547 944 a
577 880 693 946 Volscis
721 895 755 944 ut
783 881 925 965 proditor*
958 885 1072 946 occisus
1101 903 1171 945 esse

90 987 109 1010 '⁴
136 983 140 991 '
177 979 291 1048 dicitru.
379 1047 382 1054 ,

185 1085 273 1166 Γχ99.
295 1081 425 1148 Remini
448 1105 539 1168 quum
561 1083 714 1147 adversdm
730 1081 871 1146 Veientes
890 1083 999 1146 bellurn
1020 1083 1167 1166 gererent,

176 1181 285 1246 sarnilia
298 1182 459 1248 Fabiorum
481 1184 543 1248 sola
556 1183 614 1248 hoc
635 1183 744 1246 bellum
766 1183 903 1268 suscepit.
947 1183 1075 1248 Profecti
1095 1197 1167 1247 sunt

306 1284 427 1348 trecenti
447 1305 501 1348 sex
521 1283 689 1348 nobilissimi
709 1284 852 1362 homines,
867 1283 956 1348 duce*
978 1283 1073 1348 Fabio
1091 1307 1166 1348 con·

176 1355 255 1482 Ἃ]
305 1383 377 1448 stile.
421 1383 526 1458 Quum
553 1405 632 1468 saepe
652 1383 749 1446 hostes
771 1383 916 1460 vicissent,
938 1385 1018 1468 apud
1039 1383 1164 1448 Creme-

304 1507 367 1548 ram
388 1485 509 1548 fluvium
529 1499 623 1549 castra
645 1490 813 1568 posuerunt.
857 1483 902 1546 lbi
918 1485 1057 1548 Veientes
1079 1484 1161 1548 dolo'

175 1585 220 1648 usi
241 1585 335 1650 cosin
357 1585 473 1662 insidias
494 1586 688 1670 pellexerunt.
732 1584 768 1647 ln
790 1584 893 1668 proelio
907 1585 946 1646 ibi
960 1584 1075 1648 exorto‘
1096 1607 1162 1647 om-
1211 1642 1222 1666 ,

135 1677 138 1683 ’
175 1707 228 1748 nes
247 1687 403 1770 perienmt.
446 1685 533 1750 Unus
555 1685 695 1769 superfuit
708 1707 747 1748 ex
768 1685 850 1748 tanti
871 1684 987 1760 familiai,
1003 1683 1051 1767 qui
1072 1706 1162 1768 prop·
1242 1675 1260 1704 ''

175 1798 218 1847 ter
239 1791 354 1848 atatem
375 1785 516 1868 puerilem
538 1786 606 1848 duci
627 1807 686 1847 non
708 1785 843 1867 potuerat
858 1785 896 1847 ad
918 1805 1056 1868 pugnam.
1100 1783 1161 1848 llio
1241 1859 1243 1863 Ι

174 1905 267 1967 genus
295 1884 468 1968 propagavit
496 1883 535 1947 ad
556 1883 620 1958 Qu.
641 1883 768 1946 Fabium
789 1883 958 1948 Maximum
982 1883 1086 1962 illum,‘
1111 1885 1162 1968 qui

175 1982 373 2048 Hannibilem
388 1984 523 2070 prudenti
536 1983 723 2048 cunctatione
737 1983 905 2048 debilita'avit.

347 2090 400 2152 30.
422 2087 513 2150 Anno
535 2085 737 2150 trecentesimo
757 2071 920 2148 et'n'lttros
939 2086 977 2149 ab
997 2086 1069 2149 urbe
1090 2107 1161 2149 con·

305 2188 368 2252 dits
396 2185 554 2252 decemviri
574 2185 664 2250 oresti
684 2199 762 2264 sunt,
785 2186 834 2270 qui
854 2185 964 2250 civitati
988 2187 1068 2270 leges
1093 2187 1161 2250 scri-

304 2288 434 2354 berent!
464 2286 506 2352 ffi
535 2287 629 2373 primo
653 2279 731 2351 anno
757 2287 834 2352 bene
863 2293 1001 2372 egerunt3
1031 2288 1161 2351 seeundo
1215 2349 1217 2352 .

174 2405 274 2456 autem
287 2389 514 2454 dominationem
528 2395 666 2454 exercere
682 2394 848 2472 caeperunt.
892 2387 953 2451 Sed
975 2409 1065 2472 quum
1086 2409 1160 2452 unus

174 2498 275 2555 eorum
303 2489 421 2573 Appius
450 2488 593 2552 Claudius
622 2489 763 2571 virginem
791 2489 958 2571 ingenuam,
988 2487 1158 2572 Virginiam,

175 2160 207 2210 A.
220 2159 253 2209 U.

190 2237 246 2290 ³02

175 2587 298 2671 Vuginii
325 2587 501 2652 centurionis
529 2587 627 2666 filiam,
651 2587 837 2672 corrumpere
865 2589 963 2666 vellet,
987 2602 1158 2673 pateream
1187 2641 1192 2648 .
1305 2569 1306 2640 Ῐ

173 2688 290 2754 occidit.
333 2687 417 2752 Tum
445 2687 483 2752 ad
511 2687 616 2752 milites
646 2686 780 2772 prolirgit,
801 2709 909 2773 eosque
931 2689 969 2752 ad
989 2689 1158 2754 seditionem

173 2789 342 2855 commovit.
386 2788 509 2854 sableta
529 2801 574 2852 est
594 2787 785 2852 decemvirisl
808 2803 946 2874 potestas,
964 2789 1077 2874 ipsique
1096 2807 1158 2852 ont·

173 2911 226 2954 nes
240 2903 291 2953 aut
304 2903 396 2952 morte
410 2903 461 2953 aut
475 2889 562 2952 exilio
576 2889 670 2974 puniti
684 2903 761 2952 sunt.

345 2992 398 3052 31.
421 2989 457 3052 In
478 2989 556 3052 bello
576 3004 679 3054 contra
694 2988 874 3052 Veientanus
896 2989 1001 3054 Furius
1015 2989 1156 3054 Camillus

174 3060 253 3188 ¹³55}
303 3090 404 3152 urbem
418 3087 548 3154 Falerios
562 3091 723 3154 obsidebat.
767 3089 803 3152 ln
826 3091 884 3174 qud
897 3091 1047 3156 obsidione
1068 3113 1155 3176 quum

303 3191 364 3254 ludi
388 3189 501 3254 literarii
525 3192 661 3274 magister
685 3190 850 3274 principum
872 3191 943 3254 filios
969 3213 1007 3254 ex
1032 3193 1103 3254 urbe
1126 3190 1154 3253 in

172 3304 267 3356 castra
281 3291 406 3356 hostium
422 3289 561 3368 duxisset,
576 3291 720 3356 Camillus
740 3290 797 3353 hoo
820 3291 929 3354 donum
950 3313 1009 3354 non
1031 3291 1153 3374 acecpit,

171 3392 224 3456 sed
251 3393 406 3456 scelestum
438 3392 597 3468 hominem,
626 3389 761 3454 manibus
797 3404 863 3473 post
898 3404 1011 3474 tergum
1042 3391 1152 3468 vinctis,

219 3571 406 3635 ·ters,rt.1.
579 3571 724 3634 tratas.
930 3552 1110 3634 ‘seona'

219 3649 405 3713 *tesana
579 3647 781 3714 ⁴reomau.
929 3645 1123 3716 *ratane

219 3727 326 3792 ‘sera
576 3726 717 3792 foreat
