2656 4304
521 449 525 458 ,
583 415 746 460 amnis.
1113 398 1156 467 93

119 649 122 656 ⁴
170 564 299 648 quinque
325 564 452 628 millious
480 585 519 630 ex
546 564 686 630 militmus
714 565 778 650 ejus
805 565 918 643 occisis,
946 565 1154 634 Macedoniam

169 665 300 749 rect'tpim
329 665 425 750 ipsum
447 667 536 732 etium
558 666 843 750 Pseudophilippum
863 666 893 730 in
915 674 1087 750 potssutem
1107 689 1154 730 su·

169 787 219 829 mn
233 767 353 850 redegit.
384 766 668 850 Cotintltiisquoque
681 767 792 830 bellum
812 767 952 830 indictum
973 781 1027 844 est,
1040 767 1154 830 nobilis-

169 867 249 930 sima
274 867 397 932 Gtaeeite
420 866 556 944 civitati:
586 881 710 952 pmpter.
731 867 862 952 iitjuriam
889 867 1031 932 Reminis
1055 867 1156 949 legatis

169 967 289 1032 illatam.
336 967 426 1032 Hanc
454 966 615 1030 Mummius
639 969 742 1032 consul
767 969 848 1053 cepit
872 990 909 1032 ao
935 967 1029 1032 diruit

169 1067 246 1132 nes
267 1068 354 1150 tgten
375 1068 480 1132 nome
501 1069 586 1132 sinu
605 1069 784 1134 coeuntem
806 1068 943 1152 triumphi
964 1067 1028 1132 ne-
1079 1037 1157 1165 20}

169 1181 256 1244 mnt3
292 1169 462 1252 Scipionis*
492 1191 531 1234 ex
560 1169 672 1247 Africa,
701 1183 768 1234 ante
797 1169 879 1254 cujus
911 1189 1028 1232 cummi
1054 1179 1056 1186 '

169 1268 276 1332 ductus
297 1283 341 1332 est
358 1269 540 1348 Hasduibal3
562 1270 704 1334 Metelli*
725 1291 764 1334 ex
784 1269 972 1346 Macedonia,
986 1269 1070 1355 eujtu
1090 1292 1156 1334 out·

167 1389 232 1432 rum
254 1371 398 1453 precessit
425 1371 596 1448 Andriscus,
619 1371 669 1455 qui
693 1384 724 1434 et
745 1370 1011 1456 Pseudophilippus
1032 1370 1155 1448 dicinu3

169 1468 332 1534 Mummii*
357 1493 396 1537 ex
426 1470 579 1546 Corintho,
604 1485 674 1534 ante
697 1492 787 1554 quem
810 1471 892 1554 signa
914 1491 995 1535 aeuea
1017 1484 1047 1534 et
1071 1470 1156 1555 pictae

172 1569 277 1632 tabtilae
291 1584 321 1632 et
334 1572 390 1634 alia
404 1572 482 1634 urbis
495 1571 660 1636 clarissima
675 1579 845 1634 omunent'e
862 1571 980 1654 prelita
993 1584 1070 1634 sunt.

215 1674 246 1734 7.
268 1670 359 1736 Anno
377 1671 591 1734 sexcentesimo
611 1671 727 1734 decimo
748 1685 814 1754 poet
835 1672 936 1736 urbem
956 1693 1027 1736 eon·

169 1769 260 1832 etum
279 1770 469 1834 vmnustn
487 1771 639 1834 Lusium
661 1772 770 1834 aetium
791 1785 893 1836 contra
913 1771 1027 1840 Roma-
1076 1743 1155 1870 isi

167 1891 220 1932 nos
248 1870 395 1933 excitt'tvit.
440 1869 546 1934 Pastor
574 1871 667 1954 primo
695 1870 758 1948 suit,
783 1894 854 1935 mox
879 1872 1026 1938 latronum

166 1971 246 2048 dux3
273 1971 420 2054 postremo
445 1984 541 2034 tantos
571 1972 610 2034 ad
637 1972 747 2034 bellum
776 1973 901 2056 populos
929 1973 1097 2049 concitdvit
1122 1988 1156 2036 ut

168 2071 276 2134 vindex
310 2071 449 2136 libertatis
486 2071 636 2156 Hispania
676 2072 897 2136 existimaretur.
955 2071 1096 2154 Denique
1138 2093 1157 2134 a

168 2169 237 2234 suis‘
261 2171 427 2234 interseems
443 2185 496 2234 est.
541 2170 646 2244 Quum
666 2171 863 2236 intersectires
884 2171 946 2257 ejus
968 2171 1116 2254 praemitun
1138 2194 1157 2234 a

169 2270 313 2354 Cupidus
336 2270 458 2334 conside
483 2271 627 2353 peterent,
647 2291 817 2353 responsum
843 2284 896 2347 est,
918 2293 1068 2354 nunquam
1092 2271 1157 2333 Ro-

168 2371 262 2436 mainis
277 2370 450 2454 placuisse‚†
465 2370 671 2453 inperatorem
685 2391 702 2432 a
717 2369 854 2434 militibus
868 2370 926 2433 suis
940 2369 1077 2434 interfici.

210 2475 241 2535 8.
264 2471 383 2534 Deinde
408 2471 518 2534 bellum
543 2483 677 2532 exonmn
702 2483 746 2532 est
773 2492 843 2533 etun
867 2469 1063 2548 Numantiam,
1085 2471 1156 2534 civi·

168 2580 228 2636 tate
243 2571 402 2655 Hispaniae.
447 2569 553 2634 thus
567 2571 605 2634 ab
619 2569 664 2632 his
683 2568 746 2644 Qu.
762 2570 932 2654 Pompeius,
946 2585 977 2634 ct
998 2585 1064 2656 post
1085 2595 1153 2636 eum

168 2672 208 2736 C.
224 2672 364 2735 Hostilius
378 2670 537 2736 Mancinus
550 2670 662 2748 consul,
677 2670 727 2754 qui
741 2691 846 2754 pacem
860 2693 929 2734 cum
943 2672 976 2734 iis
994 2672 1062 2734 fecit
1076 2673 1154 2736 insa-

168 2796 257 2852 mem,
283 2795 370 2858 quam
396 2772 521 2858 poptilus
546 2786 576 2836 et
599 2779 716 2836 senatus
740 2771 826 2856 jussit
850 2771 973 2854 infiingi,
999 2785 1086 2856 atque
1111 2774 1155 2856 ip·

167 2897 232 2940 sum
247 2873 419 2940 Mancinum
441 2874 572 2946 hostilius
593 2873 676 2938 tradi.
720 2871 803 2936 Tum
824 2872 862 2936 P.
877 2872 977 2956 Scipio
998 2872 1154 2938 Africanus

168 2977 196 3040 in
224 2975 395 3060 Hispaniam
423 2975 526 3040 missus
553 2988 607 3038 est.
651 2973 681 3038 ls
710 2973 836 3058 primum
865 2973 986 3038 militem
1015 2973 1154 3058 ignavum

167 3093 197 3142 et
224 3090 392 3162 cotmptum
420 3076 563 3154 conexit3
599 3089 663 3139 tum
698 3075 804 3138 multas
837 3073 986 3159 Hispania
1022 3075 1154 3138 civitates

168 3178 270 3262 panim
295 3177 373 3242 bello
397 3177 487 3260 cepit,
512 3176 672 3260 partimin
697 3175 872 3240 dedititiuem
897 3176 1022 3258 accepit.

168 3279 321 3344 Postremi)
345 3278 439 3361 ipsam
465 3275 656 3340 Numantiam
681 3275 759 3340 same
784 3276 822 3338 ud
847 3274 1024 3338 deditionem
1076 3245 1152 3374 ‘⁴6‘AE

167 3379 274 3461 coligit,
297 3380 456 3462 urbemque
481 3377 600 3454 evertit3
625 3376 766 3460 reliquum
791 3374 971 3459 provinciam
995 3374 1025 3438 in

168 3479 256 3544 fidem
271 3479 395 3560 accepit.

359 3621 372 3644 “
390 3619 467 3668 What
478 3622 498 3668 is
510 3615 676 3668 understood?

360 3698 369 3745 l
388 3697 467 3746 wtm
477 3697 498 3746 is
508 3698 550 3746 the
561 3695 659 3760 subject
670 3694 700 3742 of
706 3695 849 3760 placuisse?
882 3697 895 3760 ᾗ
909 3695 964 3748 269.

264 3791 454 3854 wasone.
769 3788 1059 3852 ‘estepanis
