2656 4304
190 451 249 514 116
428 467 467 510 or
489 467 557 508 run
580 465 768 508 ornemur
790 465 855 508 uun
877 465 943 507 ran

186 615 314 700 plurimis
328 613 426 678 instilis
441 613 632 696 distinguitur.
676 613 802 677 Illustros
817 613 890 676 inter
903 635 953 676 eas
974 626 1041 675 suut
1055 611 1171 697 Cyclo·

186 715 248 792 des,
269 715 310 777 sic
333 715 495 798 appellotae,
516 713 582 796 quin
604 713 631 776 in
654 715 753 776 orbem
773 714 883 798 jacent.
925 712 1027 775 Media
1050 713 1169 776 eorum‘

186 829 229 877 est
245 815 349 892 Delus,
365 837 427 898 quae
449 815 569 896 repento
592 835 609 876 e
630 815 700 876 mari
724 821 810 876 enota
831 836 894 876 esse
915 813 1028 876 dicitur.
1073 813 1106 875 In
1129 815 1168 876 eri

186 916 279 978 iusrilir
294 915 409 978 Latona
430 914 601 998 Apollinem
622 929 651 976 et
673 913 801 976 Dionam
824 913 946 997 pepon't,
961 935 1024 996 quae
1044 915 1168 975 numina

186 1015 225 1078 ibi
244 1016 304 1078 unri
324 1037 393 1077 cum
413 1029 505 1076 matre
530 1016 643 1076 summai
667 1013 804 1096 religione
829 1013 971 1075 coluntur.
1014 1011 1088 1074 Urbi
1113 1013 1168 1074 im·

186 1115 277 1177 minet
302 1113 448 1197 Cynthus,
474 1135 557 1176 mons
579 1114 711 1176 excelsus
733 1125 762 1176 et
784 1113 897 1175 arduus.
942 1112 1051 1195 Inopus
1073 1113 1166 1174 amnis

186 1217 292 1299 pariter
305 1237 373 1276 cum
387 1213 456 1277 Nilo
471 1215 638 1278 decresorire
653 1229 683 1276 et
697 1215 795 1297 angori
809 1213 922 1278 dicitur.
968 1211 1116 1276 Metcr'rtus
1135 1215 1165 1276 in

185 1313 264 1376 Delo
285 1314 498 1392 celeberrimus,
514 1315 591 1400 quod
613 1315 651 1376 ob
673 1316 771 1398 portius
792 1313 1029 1377 commoditotem
1050 1314 1165 1397 templi·

186 1435 242 1498 que
263 1414 430 1496 religionem
452 1421 624 1478 mercatores
646 1435 684 1476 ex
706 1429 766 1476 toto
787 1415 858 1477 orbe
879 1419 1017 1476 terrorum
1038 1413 1074 1476 oo
1093 1435 1165 1476 con-

185 1513 324 1576 fluebant.
376 1512 512 1576 Eandem
543 1515 582 1576 ob
618 1536 736 1577 oausam
772 1514 901 1578 civitotes
937 1513 1066 1590 Graeoiae,
1099 1527 1167 1598 post'

185 1615 345 1677 secundum
365 1613 516 1677 Persicum
537 1615 657 1691 bellum,
672 1615 776 1677 tribota
798 1615 835 1677 ad
855 1614 923 1676 belli
944 1635 1028 1676 usum
1049 1614 1078 1676 in
1099 1637 1164 1676 eam

186 1715 318 1790 rnsrilam,
347 1729 485 1798 tanquam
513 1715 542 1776 in
575 1721 730 1777 commone
758 1715 846 1776 totius
878 1713 997 1803 Graeciae
1027 1715 1163 1791 aerarium,

185 1813 390 1891 conserobant3
417 1836 504 1897 quam
530 1813 684 1897 pecuniam
706 1814 867 1898 insequenti
889 1815 1019 1898 ternpore
1041 1813 1151 1902 Atlreni

185 1935 268 1976 enses
282 1913 311 1976 in
326 1936 408 1977 suam
422 1915 522 1976 urbem
537 1915 750 1977 transtulorunt.
1065 1919 1069 1922 ’

228 2017 280 2078 36.
306 2013 422 2077 Euboea
444 2014 536 2076 insula
557 2014 660 2078 littori*
687 2015 810 2078 Boeotiae
832 2029 862 2077 et
883 2015 991 2077 Attica
1013 2015 1165 2098 praetendi·

185 2129 240 2192 tur,
265 2128 387 2198 angusto
415 2113 487 2176 freto
515 2135 533 2176 a
561 2113 720 2178 continenti
750 2115 866 2177 distans·
910 2115 1009 2178 Terrae
1039 2129 1118 2178 motu
1147 2137 1165 2178 a

185 2211 303 2276 Boeotizi
321 2215 421 2276 avulsa
435 2237 498 2277 esse
518 2215 663 2292 creditum
685 2216 788 2298 saepilrs
810 2238 874 2278 eam
896 2237 1066 2278 concussam
1089 2215 1163 2278 esse‘

184 2329 306 2377 constat.
350 2315 481 2392 Fretum,
502 2337 559 2398 quo
581 2339 598 2378 a
621 2315 737 2379 Graeciri
757 2316 924 2401 sejungitur,
939 2323 1063 2402 vocotur·
1080 2313 1165 2377 Euri·

185 2435 249 2495 pus,
264 2437 371 2476 saevum
387 2430 416 2477 et
436 2423 588 2478 aestuosum
612 2439 699 2492 mare,
715 2417 792 2499 quod
813 2417 951 2478 contiuuo
973 2431 1052 2478 motu
1074 2416 1164 2496 agito-

184 2529 239 2576 tur.
284 2513 423 2576 Nonnulli
453 2517 553 2578 dicunt
581 2515 686 2597 septies
716 2515 816 2599 quovis
846 2516 893 2577 die
921 2518 1000 2579 stetis
1028 2517 1165 2603 tempori·

184 2614 238 2675 bus
260 2613 365 2674 fluctus
387 2613 496 2676 alterno
518 2629 597 2676 motu
614 2615 732 2696 agitori3
755 2615 800 2676 alii
815 2615 872 2677 hoc
894 2615 1011 2698 negant,
1027 2617 1163 2695 dicenteS,

185 2736 264 2776 mare
289 2714 397 2776 temore
423 2714 452 2776 in
482 2715 560 2776 venti
586 2715 704 2776 modum
733 2715 790 2777 huc
820 2714 887 2778 ill-uc
916 2717 1036 2779 moroni.
1080 2718 1163 2794 Sunt,

185 2814 233 2896 qui
259 2815 398 2891 narrent,⁶
425 2814 611 2876 Aristotelem
634 2800 847 2898 philosophum,
871 2815 937 2898 quia
958 2817 1042 2902 hujus
1064 2818 1164 2880 mirac-

185 2913 224 2974 rili
255 2936 357 2976 causas
393 2915 564 2997 investigora
600 2937 657 2976 non
691 2915 810 3000 posset·
847 2917 1014 2997 aegritudine
1049 2917 1121 2981 cons
1151 2951 1164 2964 -

185 3027 246 3076 tum
261 3035 333 3074 esse.

227 3117 279 3177 37.
301 3111 370 3175 Jam
393 3113 430 3176 ad
447 3111 586 3177 Boreoles
607 3115 738 3196 regiones
760 3115 939 3198 pergomus!
972 3099 1076 3200 'Supra
1098 3117 1164 3180 Mn-

183 3214 336 3278 cedoniam
362 3213 491 3276 Thracia
517 3214 668 3297 porrigitur
696 3237 713 3276 a
742 3213 841 3276 Ponto
870 3213 990 3278 Euxino
1011 3217 1163 3301 usquead

184 3313 323 3394 illyriam.
367 3315 463 3398 Regio
488 3313 590 3396 frigida
611 3327 640 3376 et
663 3313 691 3375 in
713 3313 746 3376 iis
767 3315 880 3376 tannim
902 3318 1033 3398 purtssrus
1054 3317 1150 3380 soecun

184 3413 254 3487 dior,
279 3435 342 3494 quae
368 3417 514 3498 propiores
538 3427 605 3476 sunt
630 3413 711 3476 mari.
754 3413 912 3478 Pomisorre
936 3418 1051 3481 arbores
1076 3439 1162 3494 rarae,

184 3511 388 3594 frequentiores
413 3514 504 3592 vites;
532 3515 584 3577 sed
609 3535 673 3577 uvae
698 3537 757 3577 non
782 3529 987 3594 maturescunt,
1007 3516 1059 3580 nisi
1080 3517 1164 3600 liigus

263 3671 372 3734 ‘rara
578 3674 685 3736 ‘rana
907 3676 1050 3739 werna.

264 3747 371 3812 't224
577 3749 747 3812 ‘tsssstssf
904 3754 1084 3817 'tannae
