2656 4304
466 482 601 526 umens
624 481 663 524 or
685 481 867 534 ansteum.
1090 462 1151 528 127

218 637 271 700 64.
303 633 387 697 Nilus
414 632 591 696 crocodilum
621 631 682 706 alit,
710 629 838 692 belluam
868 629 1092 712 quadrupedem,
1122 629 1152 694 in

176 737 251 798 teni
278 753 335 797 non
364 733 457 796 minine
486 730 575 815 quam
607 731 637 794 iu
673 729 793 792 flumine
821 729 984 792 hominibus
1012 729 1152 792 halestam.

175 833 276 898 Unum
306 835 362 897 hoe
391 831 501 896 animal
530 845 660 894 tenestre
688 830 792 912 linguae
821 851 873 890 usu
902 843 997 904 earet3
1026 830 1153 892 dentium

175 935 270 1018 plures
286 936 376 996 habet
392 933 525 1007 ordiam
548 931 665 994 maxilla
684 930 797 992 inferior
811 943 854 990 est
869 928 1032 990 immobilis.
1069 929 1155 1009 Mag·

175 1035 306 1096 nitndine
335 1032 453 1094 excedit
484 1031 651 1114 plenimque
687 1029 883 1110 duodeviginti
911 1029 1024 1090 cubita.¹
1076 1027 1156 1090 Parit

176 1153 234 1193 ova
269 1131 432 1193 anserinis*
466 1153 524 1192 non
560 1130 678 1214 majona.
721 1128 878 1210 Ungusstus
910 1127 996 1189 etiam
1030 1135 1156 1190 annatus

176 1245 230 1307 eet,
256 1245 286 1292 et
310 1245 383 1293 cute¹
401 1245 502 1294 contra
528 1251 630 1298 omnes
657 1229 730 1292 ictus
759 1228 876 1292 invictd.
922 1227 994 1290 Dies
1023 1226 1051 1288 in
1081 1229 1156 1290 terrai

176 1330 245 1412 agit,
260 1345 361 1392 noctes
374 1330 403 1391 in
419 1329 505 1412 aqud.
549 1328 651 1401 Quum
667 1343 745 1392 satur
758 1342 812 1404 est,
826 1342 855 1390 et
871 1328 900 1389 in
914 1327 1008 1390 littore
1022 1349 1155 1390 somnum

173 1430 254 1512 capit
275 1451 325 1491 ore
346 1431 453 1505 hiante,
467 1429 616 1504 trochilus,
632 1450 721 1510 parve
742 1428 814 1503 avis,
829 1428 930 1490 dentes
952 1427 978 1490 ei
1000 1427 1155 1512 faucesque

179 1543 290 1612 purgat.
344 1529 404 1590 Sed
432 1529 561 1590 hiantem
589 1527 773 1609 conspicatus
801 1527 986 1603 ichneumon,
1015 1549 1067 1610 per
1094 1549 1157 1590 eas·

178 1625 246 1687 dem
277 1626 374 1690 fauces
405 1642 443 1690 ut
473 1627 563 1689 telum
595 1626 712 1708 aliquod
745 1627 897 1702 immissus,
926 1627 1017 1690 erodit
1048 1627 1155 1714 alyum.

176 1723 308 1787 Hebetes
322 1727 421 1789 octilos
441 1727 545 1789 dieitur
565 1726 673 1788 habete
694 1725 722 1786 in
745 1727 831 1808 aqud,
846 1739 928 1790 extra
949 1747 1055 1810 aquam
1076 1749 1155 1790 acen

173 1823 270 1884 nimos.
323 1823 484 1907 Tentyritae
513 1825 543 1886 in
571 1825 665 1887 insola
693 1823 753 1886 Nili
785 1825 957 1902 habitantes,
987 1827 1053 1888 dirae
1086 1827 1154 1890 huie

173 1921 289 1984 belluae⁶
321 1923 438 1986 obviam
470 1923 511 1986 ine
542 1925 660 2002 audent,
689 1946 813 2008 eamque
840 1925 1004 1988 'incredibdi
1033 1927 1156 1990 audacia

174 2037 353 2106 expugnant
773 2071 775 2080 Α

218 2125 271 2186 65.
297 2124 395 2185 Aliam
425 2123 513 2185 etiam
539 2123 667 2186 belluam
692 2121 777 2188 Nilus
805 2124 866 2200 alit,
894 2123 1155 2208 hippopotimum3

176 2221 308 2304 ungtilisb
331 2221 414 2297 binis,
429 2221 524 2282 domo‘
548 2221 616 2303 equi
635 2235 666 2284 et
683 2223 756 2305 jubis
776 2236 806 2284 et
825 2223 958 2298 hinnitu;
980 2237 1069 2286 rostro
1089 2227 1157 2286 resi·

175 2343 235 2398 mo,
263 2319 360 2384 candal
387 2334 418 2383 et
445 2320 579 2382 dentibus
608 2327 752 2402 aprorum.
810 2320 896 2385 Cutis
924 2321 1156 2403 impenetrabssis,

175 2435 365 2504 pretenquem
394 2419 418 2482 si
446 2421 568 2482 humore
594 2420 722 2482 madeat.
774 2419 888 2484 Primus
916 2421 1156 2504 hippopotaimum

174 2533 205 2582 et
233 2521 360 2604 quinque
387 2519 547 2606 crocodssos
575 2518 779 2582 MuScaunts
807 2520 946 2585 aedilita'etis
974 2543 1032 2584 suae
1056 2521 1155 2585 'ludis‘

175 2619 280 2682 Rome
295 2620 429 2682 ostendit.
794 2651 798 2655 ·

217 2723 270 2782 66.
292 2719 390 2782 Multa
408 2703 440 2782 in
454 2719 588 2803 AEgypto
601 2717 672 2782 mira
686 2734 754 2782 sunt
774 2733 804 2782 et
818 2719 884 2782 anis
906 2734 935 2782 et
956 2727 1064 2784 natt'nae
1085 2721 1157 2804 ope

173 2841 215 2882 ra.
259 2819 338 2882 lnter
358 2841 403 2895 ea,
418 2841 482 2904 quae
503 2820 637 2882 maninus
658 2820 810 2884 hominum
830 2818 1004 2896 factasunt,
1026 2821 1156 2884 eminent

174 2920 349 3004 pyramides,
364 2939 484 3004 quatum
505 2920 641 2983 maxime
649 2900 730 2983 'eunt
744 2935 774 2984 et
791 2920 984 2986 celebem‘mae
1006 2920 1036 2985 in
1057 2935 1156 2984 monte

173 3020 260 3084 sterili
285 3019 358 3083 inter
386 3020 541 3104 Memphin
563 3020 706 3104 oppidum
735 3033 765 3084 et
793 3042 859 3084 eam
884 3031 995 3104 partem
1020 3020 1154 3104 AEgypti,

175 3140 237 3202 que
263 3119 353 3184 Delta
376 3127 505 3183 vocatur.
548 3119 771 3203 Amplissimam
795 3127 894 3185 aarum
919 3133 1048 3184 trecenta
1072 3141 1153 3182 sexa·

174 3219 253 3301 ginta
276 3220 347 3282 sex‘
371 3220 523 3282 hominum
545 3218 635 3282 millia
657 3213 739 3284 annis
769 3219 869 3302 viginti
897 3219 1071 3282 exstruxisse
1099 3232 1149 3281 tra·

174 3319 289 3381 duntur.
334 3318 407 3381 Haeo
416 3333 487 3381 ooto
496 3318 602 3402 jugem
612 3319 665 3382 soli
674 3319 820 3402 oeotipat3
842 3318 1069 3402 unumquodque
1079 3318 1154 3383 latus

173 3418 355 3499 octingentos
381 3417 530 3500 octoginta
555 3432 614 3481 nee
642 3420 731 3501 pedes
757 3420 876 3503 longum
898 3433 962 3496 est3
991 3419 1153 3484 altitudoa

565 3576 578 3602 ”
595 3575 693 3641 Supply
703 3579 763 3628 aeis.
790 3603 792 3610 v
875 3607 877 3614 ν

236 3665 362 3730 ἐπ’
564 3669 808 3736 ·§·⁴211,n.o,(1.)
842 3691 845 3697 Δ
950 3673 1084 3737 ’μω

237 3742 423 3806 »amnne
563 3747 689 3810 *taen*
1093 3761 1101 3772 ·
